{
  "value": {
    "_id": "660fec2d4fab3cc5e7f3ada9",
    "dateFrom": "2024-04-15T00:00:00+00:00",
    "dateTo": "2024-04-21T00:00:00+00:00",
    "colophon": "Offerte valide fino ad esaurimento scorte. Le immagini hanno valore puramente illustrativo. Descrizioni e prezzi validi salvo errori e omissioni di stampa. Le offerte sono limitate all’acquisto di quantitativi a uso familiare.<br/><br/>NOTE LEGALI: Sul sito aldi.it all’interno della sezione “Servizi” e della sottosezione “Informazioni” sono disponibili i dettagli per usufruire del servizio “Resi e Rimborsi” e le informazioni sulle singole Garanzie Convenzionali eventualmente offerte per specifici prodotti tramite la sezione “Portale Garanzia”. Queste opportunità lasciano sempre disponibili i diritti del consumatore offerti dalla garanzia legale e illustrati nella sezione del sito “Garanzia legale per il consumatore”. Offerte valide fino ad esaurimento scorte. Le immagini hanno valore puramente illustrativo. Descrizioni e prezzi validi salvo errori e omissioni di stampa. Le offerte sono limitate all’acquisto di quantitativi a uso familiare.",
    "coverImage": "assets/pixel_space.png?w=768&h=1&ar=768",
    "backcoverImage": "assets/banner_spendi_meno-2-1-1-1.jpg?w=768&h=171&ar=4.491228070175438",
    "sections": [
      {
        "name": "",
        "backgroundPattern": "assets/sfondorossoaldikw16-scaled.jpg?w=562&h=2560&ar=0.21953125",
        "products": [
          {
            "name": "Banner",
            "type": "image",
            "tracking": true,
            "modifier": "wide",
            "props": {
              "src": "assets/coveroaldikw16.png?w=768&h=482&ar=1.5933609958506223",
              "modifier": "wide",
              "ctaUrl": ""
            },
            "position": 0
          },
          {
            "brandText": "IL PODERE",
            "name": "STRACCETTI DI POLLO",
            "description": "",
            "price": {
              "full": "3,99",
              "discount": "-25%",
              "discounted": "2,99",
              "priceDecimalSeparator": ",",
              "discountDecimalSeparator": ","
            },
            "subName": "350 g - € 8,54/kg",
            "productImage": "assets/1-8447.png?w=300&h=193&ar=1.5544041450777202",
            "specs": [
              { "src": "assets/allevatosezausodiantibiotici.png?w=126&h=60&ar=2.1", "size": "large" },
              { "src": "assets/100_carne_italiana.png?w=100&h=100&ar=1", "size": "large" }
            ],
            "available": false,
            "highlights": [],
            "selectedBadge": "flag_ita",
            "unitType": "a confezione",
            "modifier": "wide",
            "hide": false,
            "subModifier": "default",
            "productMultiImages": [],
            "textColor": "rgba(255, 255, 255, 1)",
            "subTextColor": "rgba(255, 255, 255, 1)",
            "flyoutTextColor": "rgba(0, 0, 0, 1)",
            "flyoutSubTextColor": "rgba(0, 0, 0, 1)",
            "categorySlug": "pollo",
            "categoryName": "Pollo",
            "hideBottomLine": false,
            "bundleInfo": {},
            "timing": { "create": "5/4/2024, 14:20:34", "update": "5/4/2024, 14:20:34" },
            "categoryId": 14596,
            "position": 1,
            "id": "661826be-5e4c-4004-83b0-2717ac1f5aa6"
          },
          {
            "brandText": "CUCINA NOBILE",
            "name": "PINSA ROMANA",
            "description": "",
            "price": {
              "full": "1,99",
              "discount": "-25%",
              "discounted": "1,49",
              "priceDecimalSeparator": ",",
              "discountDecimalSeparator": ","
            },
            "subName": "230 g - € 6,48/kg",
            "productImage": "assets/2-1437.png?w=300&h=277&ar=1.0830324909747293",
            "specs": [{ "src": "assets/banco_frigo.png?w=98&h=100&ar=0.98", "size": "large" }],
            "available": false,
            "highlights": [],
            "unitType": "al pezzo",
            "modifier": "wide",
            "hide": false,
            "subModifier": "default",
            "productMultiImages": [],
            "textColor": "rgba(255, 255, 255, 1)",
            "subTextColor": "rgba(255, 255, 255, 1)",
            "flyoutTextColor": "rgba(0, 0, 0, 1)",
            "flyoutSubTextColor": "rgba(0, 0, 0, 1)",
            "categorySlug": "pizza-surgelata",
            "categoryName": "Pizza",
            "hideBottomLine": false,
            "bundleInfo": {},
            "timing": { "create": "5/4/2024, 14:20:53", "update": "5/4/2024, 14:20:53" },
            "categoryId": 14669,
            "position": 2,
            "id": "661826be-c6a8-4472-9d76-2c21ac1f5aa6"
          },
          {
            "brandText": "BUON'ORA",
            "name": "FROLLINI CON GRANO SARACENO",
            "description": "",
            "price": {
              "full": "2,39",
              "discount": "-25%",
              "discounted": "1,79",
              "priceDecimalSeparator": ",",
              "discountDecimalSeparator": ","
            },
            "subName": "700 g - € 2,56/kg",
            "productImage": "assets/s-20.png?w=300&h=290&ar=1.0344827586206897",
            "specs": [{ "src": "assets/1-1043.png?w=100&h=100&ar=1", "size": "large" }],
            "available": false,
            "highlights": [],
            "unitType": "a confezione",
            "modifier": "wide",
            "hide": false,
            "subModifier": "default",
            "productMultiImages": [],
            "textColor": "rgba(255, 255, 255, 1)",
            "subTextColor": "rgba(255, 255, 255, 1)",
            "flyoutTextColor": "rgba(0, 0, 0, 1)",
            "flyoutSubTextColor": "rgba(0, 0, 0, 1)",
            "categorySlug": "frollini",
            "categoryName": "Frollini",
            "hideBottomLine": false,
            "bundleInfo": {},
            "timing": { "create": "5/4/2024, 14:21:07", "update": "5/4/2024, 14:21:07" },
            "categoryId": 14795,
            "position": 3,
            "id": "661826bf-eedc-4383-ad66-176cac1f3abc"
          }
        ],
        "id": "1712319552566_973"
      },
      {
        "name": "",
        "backgroundPattern": "assets/sfondoaldikw16esplosioneazzurra-scaled.jpg?w=655&h=2560&ar=0.255859375",
        "products": [
          {
            "name": "BANNER",
            "type": "image",
            "tracking": true,
            "modifier": "wide",
            "props": {
              "src": "assets/ancoramenoboom_occasioni_adella_settimana_aldikw31conmenospaziosopraesotto.png?w=768&h=417&ar=1.841726618705036",
              "modifier": "wide",
              "ctaUrl": ""
            },
            "position": 4
          },
          {
            "name": "BORSA SPORTIVA/DA VIAGGIO",
            "description": "",
            "price": { "discounted": "19,99", "priceDecimalSeparator": ",", "discountDecimalSeparator": "," },
            "subName": "DA LUNEDÌ 15.04",
            "productImage": "assets/3-1221.png?w=300&h=198&ar=1.5151515151515151",
            "available": false,
            "highlights": [],
            "unitType": "al pezzo",
            "modifier": "wide",
            "hide": false,
            "subModifier": "default",
            "productMultiImages": [],
            "textColor": "rgba(255, 255, 255, 1)",
            "subTextColor": "rgba(255, 255, 255, 1)",
            "flyoutTextColor": "rgba(0, 0, 0, 1)",
            "flyoutSubTextColor": "rgba(0, 0, 0, 1)",
            "categorySlug": "borse",
            "categoryName": "Borse",
            "hideBottomLine": false,
            "bundleInfo": {},
            "timing": { "create": "5/4/2024, 14:21:29", "update": "5/4/2024, 14:21:29" },
            "categoryId": 12974,
            "position": 5,
            "id": "661826bf-0290-4212-9591-2c14ac1f5aa6"
          },
          {
            "brandText": "REMINGTON",
            "name": "REGOLABARBA",
            "description": "",
            "price": { "discounted": "29,99", "priceDecimalSeparator": ",", "discountDecimalSeparator": "," },
            "subName": "DA GIOVEDÌ 18.04",
            "productImage": "assets/o-7.png?w=300&h=282&ar=1.0638297872340425",
            "available": false,
            "highlights": [],
            "unitType": "al set",
            "modifier": "wide",
            "hide": false,
            "subModifier": "default",
            "productMultiImages": [],
            "textColor": "rgba(255, 255, 255, 1)",
            "subTextColor": "rgba(255, 255, 255, 1)",
            "flyoutTextColor": "rgba(0, 0, 0, 1)",
            "flyoutSubTextColor": "rgba(0, 0, 0, 1)",
            "categorySlug": "schiuma-da-barba",
            "categoryName": "Schiuma da barba",
            "hideBottomLine": false,
            "bundleInfo": {},
            "timing": { "create": "5/4/2024, 14:21:55", "update": "5/4/2024, 14:21:55" },
            "categoryId": 13732,
            "position": 6,
            "id": "661826c0-3ca4-494e-a51d-16f5ac1f3abc"
          }
        ],
        "id": "1712319552566_7828"
      },
      {
        "name": "Offerte in Evidenza",
        "products": [
          {
            "brandText": "REGIONE CHE VAI",
            "name": "ASIAGO DOP A FETTE",
            "description": "",
            "price": {
              "full": "1,79",
              "discount": "-25%",
              "discounted": "1,34",
              "priceDecimalSeparator": ",",
              "discountDecimalSeparator": ","
            },
            "subName": "100 g - € 13,40/kg",
            "productImage": "assets/1-8451.png?w=300&h=256&ar=1.171875",
            "specs": [
              { "src": "assets/1-1047.png?w=100&h=100&ar=1", "size": "large" },
              { "src": "assets/1-1042.png?w=100&h=100&ar=1", "size": "large" }
            ],
            "available": false,
            "highlights": [],
            "unitType": "a confezione",
            "categoryId": 14529,
            "categoryName": "Formaggio",
            "categorySlug": "formaggio",
            "position": 7,
            "id": "661826c1-dbe4-4301-bfd2-127fac1f3abc",
            "modifier": "cell",
            "subModifier": "img_squared_pb_horizontal"
          },
          {
            "brandText": "BONLÀ",
            "name": "PRIMO SALE",
            "description": "",
            "price": {
              "full": "1,79",
              "discount": "-25%",
              "discounted": "1,34",
              "priceDecimalSeparator": ",",
              "discountDecimalSeparator": ","
            },
            "subName": "200 g - € 6,70/kg",
            "productImage": "assets/2-1440.png?w=300&h=297&ar=1.0101010101010102",
            "specs": [{ "src": "assets/1-1042.png?w=100&h=100&ar=1", "size": "large" }],
            "available": false,
            "highlights": [],
            "selectedBadge": "flag_ita",
            "unitType": "a confezione ",
            "hide": false,
            "modifier": "cell",
            "subModifier": "default",
            "productMultiImages": [],
            "categorySlug": "formaggio",
            "categoryName": "Formaggio",
            "hideBottomLine": false,
            "bundleInfo": {},
            "timing": { "create": "5/4/2024, 14:22:31", "update": "5/4/2024, 14:22:31" },
            "categoryId": 14529,
            "position": 8,
            "id": "661826c1-4fe8-4813-ad06-07bdac1f3abc"
          },
          {
            "brandText": "MILSANI",
            "name": "FIOCCHI DI LATTE",
            "description": "classici/con yogurt",
            "price": {
              "full": "0,95",
              "discount": "-25%",
              "discounted": "0,71",
              "priceDecimalSeparator": ",",
              "discountDecimalSeparator": ","
            },
            "subName": "200 g - € 3,55/kg",
            "productImage": "assets/3-1225.png?w=245&h=300&ar=0.8166666666666667",
            "available": false,
            "highlights": [],
            "unitType": "al pezzo",
            "categoryId": 14529,
            "categoryName": "Formaggio",
            "categorySlug": "formaggio",
            "position": 9,
            "id": "661826c2-5d58-4a82-b429-1407ac1f3abc"
          },
          {
            "brandText": "MILSANI",
            "name": "YOGURT INTERO BIANCO",
            "description": "",
            "price": {
              "full": "0,99",
              "discount": "-25%",
              "discounted": "0,74",
              "priceDecimalSeparator": ",",
              "discountDecimalSeparator": ","
            },
            "subName": "500 g - € 1,48/kg",
            "productImage": "assets/4-1113.png?w=220&h=300&ar=0.7333333333333333",
            "available": false,
            "highlights": [],
            "unitType": "al pezzo",
            "categoryId": 14512,
            "categoryName": "Yogurt",
            "categorySlug": "yogurt",
            "position": 10,
            "id": "661826c2-a2b0-43bd-a326-169bac1f3abc"
          },
          {
            "brandText": "I COLORI DEL SAPORE",
            "name": "UOVA SENZA USO DI ANTIBIOTICI",
            "description": "6 pezzi",
            "price": {
              "full": "1,89",
              "discount": "-25%",
              "discounted": "1,41",
              "priceDecimalSeparator": ",",
              "discountDecimalSeparator": ","
            },
            "subName": "€ 0,24/pezzo",
            "productImage": "assets/5-991.png?w=300&h=203&ar=1.477832512315271",
            "specs": [
              { "src": "assets/1-1056.png?w=100&h=100&ar=1", "size": "large" },
              { "src": "assets/1-1043.png?w=100&h=100&ar=1", "size": "large" }
            ],
            "available": false,
            "highlights": [],
            "selectedBadge": "flag_ita",
            "unitType": "a confezione",
            "categoryId": 14505,
            "categoryName": "Uova",
            "categorySlug": "uova",
            "position": 11,
            "id": "661826c3-128c-41aa-b696-17cbac1f3abc"
          },
          {
            "brandText": "MILSANI",
            "name": "PANNA DA CUCINA",
            "description": "a lunga conservazione",
            "price": {
              "full": "0,79",
              "discount": "-25%",
              "discounted": "0,59",
              "priceDecimalSeparator": ",",
              "discountDecimalSeparator": ","
            },
            "subName": "200 ml - € 2,95/litro",
            "productImage": "assets/6-920.png?w=214&h=300&ar=0.7133333333333334",
            "available": false,
            "highlights": [],
            "unitType": "a confezione",
            "categoryId": 14510,
            "categoryName": "Panna",
            "categorySlug": "panna",
            "position": 12,
            "hide": false,
            "modifier": "cell",
            "subModifier": "default",
            "productMultiImages": [],
            "hideBottomLine": false,
            "bundleInfo": {},
            "timing": { "create": "8/4/2024, 10:13:00", "update": "8/4/2024, 10:13:00" },
            "id": "661826c3-0da4-4147-ad1b-174dac1f3abc"
          },
          {
            "brandText": "JUST VEG!",
            "name": "BURGER VEGANO",
            "description": "melanzane e pomodori/spinaci",
            "price": {
              "full": "1,79",
              "discount": "-25%",
              "discounted": "1,34",
              "priceDecimalSeparator": ",",
              "discountDecimalSeparator": ","
            },
            "subName": "160 g - € 8,38/kg",
            "productImage": "assets/7-837.png?w=179&h=300&ar=0.5966666666666667",
            "available": false,
            "highlights": [],
            "unitType": "a confezione",
            "categoryId": 14609,
            "categoryName": "Hamburger",
            "categorySlug": "hamburger",
            "position": 13,
            "id": "661826c4-7d60-40e5-8023-2542ac1f5aa6"
          },
          {
            "brandText": "CUCINA NOBILE",
            "name": "RAVIOLI RICOTTA E SPINACI",
            "description": "",
            "price": {
              "full": "1,69",
              "discount": "-25%",
              "discounted": "1,26",
              "priceDecimalSeparator": ",",
              "discountDecimalSeparator": ","
            },
            "subName": "500 g - € 2,52/kg",
            "productImage": "assets/8-773.png?w=258&h=300&ar=0.86",
            "specs": [{ "src": "assets/banco_frigo.png?w=98&h=100&ar=0.98", "size": "large" }],
            "available": false,
            "highlights": [],
            "unitType": "a confezione",
            "categoryId": 14871,
            "categoryName": "Pasta ripiena",
            "categorySlug": "pasta-ripiena",
            "position": 14,
            "id": "661826c4-31a0-4e8a-85a7-2d42ac1f5aa6"
          },
          {
            "brandText": "REGIONE CHE VAI",
            "name": "SPECK ALTO ADIGE IGP",
            "description": "",
            "price": {
              "full": "11,99",
              "discount": "-25%",
              "discounted": "8,99",
              "priceDecimalSeparator": ",",
              "discountDecimalSeparator": ","
            },
            "productImage": "assets/9-712.png?w=300&h=255&ar=1.1764705882352942",
            "specs": [
              { "src": "assets/1-1655.png?w=100&h=100&ar=1", "size": "large" },
              { "src": "assets/igp-1024x791-1.png?w=129&h=100&ar=1.29", "size": "large" }
            ],
            "available": false,
            "highlights": [],
            "unitType": "al kg",
            "hide": false,
            "modifier": "cell",
            "subModifier": "default",
            "productMultiImages": [],
            "categorySlug": "speck",
            "categoryName": "Speck",
            "hideBottomLine": false,
            "bundleInfo": {},
            "timing": { "create": "5/4/2024, 14:23:32", "update": "5/4/2024, 14:23:54" },
            "categoryId": 14639,
            "position": 15,
            "id": "661826c5-3cc0-46d7-b157-2d39ac1f5aa6"
          },
          {
            "brandText": "IL TAGLIERE DEL RE",
            "name": "SPIANATA ROMANA",
            "description": "",
            "price": {
              "full": "1,99",
              "discount": "-25%",
              "discounted": "1,49",
              "priceDecimalSeparator": ",",
              "discountDecimalSeparator": ","
            },
            "subName": "100 g - € 14,90/kg",
            "productImage": "assets/10-669.png?w=254&h=300&ar=0.8466666666666667",
            "available": false,
            "highlights": [],
            "unitType": "a confezione",
            "categoryId": 14629,
            "categoryName": "Salame",
            "categorySlug": "salame",
            "position": 16,
            "id": "661826c5-349c-498c-a138-13e0ac1f3abc"
          },
          {
            "brandText": "CUCINA NOBILE",
            "name": "PINSA ROMANA",
            "description": "",
            "price": {
              "full": "1,99",
              "discount": "-25%",
              "discounted": "1,49",
              "priceDecimalSeparator": ",",
              "discountDecimalSeparator": ","
            },
            "subName": "230 g - € 6,48/kg",
            "productImage": "assets/11-603.png?w=171&h=300&ar=0.57",
            "specs": [{ "src": "assets/banco_frigo.png?w=98&h=100&ar=0.98", "size": "large" }],
            "available": false,
            "highlights": [],
            "unitType": "al pezzo",
            "categoryId": 14669,
            "categoryName": "Pizza",
            "categorySlug": "pizza-surgelata",
            "position": 17,
            "id": "661826c6-4354-4a1c-a2af-185cac1f3abc"
          },
          {
            "brandText": "IL TAGLIERE DEL RE",
            "name": "STINCO PRECOTTO",
            "description": "",
            "price": {
              "full": "3,99",
              "discount": "-25%",
              "discounted": "2,99",
              "priceDecimalSeparator": ",",
              "discountDecimalSeparator": ","
            },
            "subName": "650 g - € 4,60/kg",
            "productImage": "assets/12-545.png?w=141&h=300&ar=0.47",
            "available": false,
            "highlights": [],
            "unitType": "al pezzo",
            "categoryId": 15824,
            "categoryName": "Stinco di maiale",
            "categorySlug": "stinco-di-maiale",
            "position": 18,
            "id": "661826c6-76ec-4bc4-a0ca-2542ac1f5aa6"
          },
          {
            "brandText": "I COLORI DEL SAPORE",
            "name": "RISO ROMA",
            "description": "",
            "price": {
              "full": "2,29",
              "discount": "-25%",
              "discounted": "1,71",
              "priceDecimalSeparator": ",",
              "discountDecimalSeparator": ","
            },
            "subName": "1 kg",
            "productImage": "assets/13-475.png?w=177&h=300&ar=0.59",
            "specs": [{ "src": "assets/1-1056.png?w=100&h=100&ar=1", "size": "large" }],
            "available": false,
            "highlights": [],
            "selectedBadge": "flag_ita",
            "unitType": "a confezione",
            "categoryId": 14887,
            "categoryName": "Riso",
            "categorySlug": "riso",
            "position": 19,
            "id": "661826c7-3884-4dac-b854-13e0ac1f3abc"
          },
          {
            "brandText": "ALMARE SEAFOOD",
            "name": "PATÈ",
            "description": "tonno/salmone",
            "price": {
              "full": "1,29",
              "discount": "-25%",
              "discounted": "0,96",
              "priceDecimalSeparator": ",",
              "discountDecimalSeparator": ","
            },
            "subName": "100 g - € 9,60/kg",
            "productImage": "assets/14-436.png?w=169&h=300&ar=0.5633333333333334",
            "available": false,
            "highlights": [],
            "unitType": "al pezzo",
            "categoryId": 14420,
            "categoryName": "Patate",
            "categorySlug": "patate",
            "position": 20,
            "id": "661826c7-2634-4f92-a74c-2db3ac1f5aa6"
          },
          {
            "brandText": "NATURE'S GOLD",
            "name": "CETRIOLINI",
            "description": "",
            "price": {
              "full": "1,79",
              "discount": "-25%",
              "discounted": "1,34",
              "priceDecimalSeparator": ",",
              "discountDecimalSeparator": ","
            },
            "subName": "530 g - € 4,47/kg sgocc.",
            "productImage": "assets/15-385.png?w=212&h=300&ar=0.7066666666666667",
            "available": false,
            "highlights": [],
            "unitType": "a vasetto",
            "categoryId": 14686,
            "categoryName": "Conserve",
            "categorySlug": "conserve",
            "position": 21,
            "id": "661826c8-8bc4-4897-afee-174dac1f3abc"
          },
          {
            "brandText": "HAPPY HARVEST",
            "name": "MIX SEMI",
            "description": "",
            "price": {
              "full": "2,39",
              "discount": "-25%",
              "discounted": "1,79",
              "priceDecimalSeparator": ",",
              "discountDecimalSeparator": ","
            },
            "subName": "140 g - € 12,79/kg",
            "productImage": "assets/agg-4.png?w=188&h=300&ar=0.6266666666666667",
            "available": false,
            "highlights": [],
            "unitType": "a confezione",
            "categoryId": 14370,
            "categoryName": "Prodotti biologici",
            "categorySlug": "prodotti-biologici",
            "position": 22,
            "id": "661826c8-ed88-415e-b266-17beac1f3abc"
          },
          {
            "brandText": "SAN CARLO",
            "name": "PATATINE 1936",
            "description": "",
            "price": {
              "full": "1,99",
              "discount": "-25%",
              "discounted": "1,49",
              "priceDecimalSeparator": ",",
              "discountDecimalSeparator": ","
            },
            "subName": "170 g - € 8,76/kg",
            "productImage": "assets/17-294.png?w=179&h=300&ar=0.5966666666666667",
            "available": false,
            "highlights": [],
            "unitType": "a confezione",
            "categoryId": 14487,
            "categoryName": "Patatine fritte",
            "categorySlug": "patatine-fritte",
            "position": 23,
            "id": "661826c8-4430-42f8-826e-2a29ac1f5aa6"
          },
          {
            "brandText": "LA CESTA",
            "name": "CRACKER IN SFOGLIE",
            "description": "",
            "price": {
              "full": "1,19",
              "discount": "-25%",
              "discounted": "0,89",
              "priceDecimalSeparator": ",",
              "discountDecimalSeparator": ","
            },
            "subName": "250 g - € 3,56/kg",
            "productImage": "assets/18-255.png?w=185&h=300&ar=0.6166666666666667",
            "specs": [{ "src": "assets/it_2023_24_wop_00_14-15.png?w=100&h=100&ar=1", "size": "large" }],
            "available": false,
            "highlights": [],
            "unitType": "a confezione ",
            "categoryId": 14479,
            "categoryName": "Crackers",
            "categorySlug": "crackers",
            "position": 24,
            "id": "661826c9-a9c4-4868-af6d-2990ac1f5aa6"
          },
          {
            "brandText": "MULINO BIANCO",
            "name": "PLUMCAKE CLASSICO ALLO YOGURT",
            "description": "",
            "price": {
              "full": "2,69",
              "discount": "-25%",
              "discounted": "2,00",
              "priceDecimalSeparator": ",",
              "discountDecimalSeparator": ","
            },
            "subName": "330 g - € 6,06/kg",
            "productImage": "assets/19-183.png?w=171&h=300&ar=0.57",
            "available": false,
            "highlights": [],
            "unitType": "a confezione",
            "categoryId": 14822,
            "categoryName": "Plum cake",
            "categorySlug": "plum-cake",
            "position": 25,
            "id": "661826c9-85e8-4a9b-9f62-17cdac1f3abc"
          },
          {
            "brandText": "CUCINA NOBILE",
            "name": "STRUDELINI",
            "description": "albicocca/mela",
            "price": {
              "full": "1,45",
              "discount": "-25%",
              "discounted": "1,08",
              "priceDecimalSeparator": ",",
              "discountDecimalSeparator": ","
            },
            "subName": "200 g - € 5,40/kg",
            "productImage": "assets/1-8452.png?w=300&h=235&ar=1.2765957446808511",
            "available": false,
            "highlights": [],
            "unitType": "a confezione",
            "categoryId": 14810,
            "categoryName": "Pasticceria",
            "categorySlug": "pasticceria",
            "position": 26,
            "id": "661826ca-b0a8-43ae-a1ce-2d94ac1f5aa6"
          },
          {
            "brandText": "BUON'ORA",
            "name": "CROSTATINE ALL'ALBICOCCA",
            "description": "",
            "price": {
              "full": "1,29",
              "discount": "-25%",
              "discounted": "0,96",
              "priceDecimalSeparator": ",",
              "discountDecimalSeparator": ","
            },
            "subName": "240 g - € 4,00/kg",
            "productImage": "assets/2-1441.png?w=300&h=159&ar=1.8867924528301887",
            "specs": [{ "src": "assets/1-1043.png?w=100&h=100&ar=1", "size": "large" }],
            "available": false,
            "highlights": [],
            "unitType": "a confezione ",
            "categoryId": 14804,
            "categoryName": "Crostatine",
            "categorySlug": "crostatine",
            "position": 27,
            "id": "661826ca-bb44-4e27-a6ad-2d64ac1f5aa6"
          },
          {
            "brandText": "BUON'ORA",
            "name": "FROLLINI CON GRANO SARACENO",
            "description": "",
            "price": {
              "full": "2,39",
              "discount": "-25%",
              "discounted": "1,79",
              "priceDecimalSeparator": ",",
              "discountDecimalSeparator": ","
            },
            "subName": "700 g - € 2,56/kg",
            "productImage": "assets/3-1226.png?w=222&h=300&ar=0.74",
            "specs": [{ "src": "assets/1-1043.png?w=100&h=100&ar=1", "size": "large" }],
            "available": false,
            "highlights": [],
            "unitType": "a confezione",
            "categoryId": 14795,
            "categoryName": "Frollini",
            "categorySlug": "frollini",
            "position": 28,
            "id": "661826ca-8d4c-4e81-9670-1649ac1f3abc"
          },
          {
            "brandText": "HAPPY HARVEST",
            "name": "MISTO DI FRUTTA SECCA",
            "description": "• sgusciata ed essiccata<br/>• gusti vari",
            "price": {
              "full": "2,19",
              "discount": "-25%",
              "discounted": "1,64",
              "priceDecimalSeparator": ",",
              "discountDecimalSeparator": ","
            },
            "subName": "150 g - € 10,93/kg",
            "productImage": "assets/agg-3.png?w=229&h=300&ar=0.7633333333333333",
            "available": false,
            "highlights": [],
            "unitType": "a confezione",
            "categoryId": 14403,
            "categoryName": "Frutta secca",
            "categorySlug": "frutta-secca",
            "position": 29,
            "hide": false,
            "modifier": "cell",
            "subModifier": "default",
            "productMultiImages": [],
            "hideBottomLine": false,
            "bundleInfo": {},
            "timing": { "create": "8/4/2024, 10:13:40", "update": "8/4/2024, 10:13:40" },
            "id": "661826cb-7a98-47b3-86ad-294fac1f5aa6"
          },
          {
            "brandText": "HAPPY HARVEST",
            "name": "MUESLI",
            "description": "frutta/uvetta e frutta secca",
            "price": {
              "full": "2,99",
              "discount": "-25%",
              "discounted": "2,22",
              "priceDecimalSeparator": ",",
              "discountDecimalSeparator": ","
            },
            "subName": "1 kg",
            "productImage": "assets/5-992.png?w=183&h=300&ar=0.61",
            "available": false,
            "highlights": [],
            "unitType": "al pezzo",
            "categoryId": 16214,
            "categoryName": "Muesli",
            "categorySlug": "muesli",
            "position": 30,
            "id": "661826cb-8544-46e5-9dc8-17cdac1f3abc"
          },
          {
            "brandText": "FIOR DI FRUTTA",
            "name": "COMPOSTA DI FRAGOLE E FRAGOLINE DI BOSCO BIO",
            "description": "",
            "price": {
              "full": "3,79",
              "discount": "-25%",
              "discounted": "2,84",
              "priceDecimalSeparator": ",",
              "discountDecimalSeparator": ","
            },
            "subName": "330 g - € 8,61/kg",
            "productImage": "assets/6-921.png?w=171&h=300&ar=0.57",
            "specs": [{ "src": "assets/it_2023_24_wop_00_02-03-10.png?w=100&h=100&ar=1", "size": "large" }],
            "available": false,
            "highlights": [],
            "unitType": "a vasetto",
            "categoryId": 14785,
            "categoryName": "Marmellata",
            "categorySlug": "marmellata",
            "position": 31,
            "id": "661826cb-f6bc-4c48-8a0f-16eaac1f3abc"
          },
          {
            "brandText": "BIOTECHUSA",
            "name": "BARRETTE PROTEICHE ZERO BAR",
            "description": "gusti vari",
            "price": {
              "full": "1,99",
              "discount": "-25%",
              "discounted": "1,49",
              "priceDecimalSeparator": ",",
              "discountDecimalSeparator": ","
            },
            "subName": "50 g - € 29,80/kg",
            "productImage": "assets/7-838.png?w=300&h=248&ar=1.2096774193548387",
            "available": false,
            "highlights": [],
            "unitType": "al pezzo",
            "categoryId": 13826,
            "categoryName": "Barrette proteiche",
            "categorySlug": "barrette-proteiche",
            "position": 32,
            "id": "661826cc-1978-41be-b7f4-294fac1f5aa6"
          },
          {
            "brandText": "PRIMANA",
            "name": "MOZZARELLINE PANATE",
            "description": "",
            "price": {
              "full": "1,99",
              "discount": "-25%",
              "discounted": "1,49",
              "priceDecimalSeparator": ",",
              "discountDecimalSeparator": ","
            },
            "subName": "250 g - € 5,96/kg",
            "productImage": "assets/8-774.png?w=300&h=265&ar=1.1320754716981132",
            "specs": [{ "src": "assets/surgelato-1.png?w=81&h=100&ar=0.81", "size": "large" }],
            "available": false,
            "highlights": [],
            "unitType": "a confezione",
            "categoryId": 14654,
            "categoryName": "Surgelati",
            "categorySlug": "surgelati",
            "position": 33,
            "id": "661826cc-3ef4-475c-9b50-2bb1ac1f5aa6"
          },
          {
            "brandText": "CUCINA NOBILE",
            "name": "PIZZA TONNO E CIPOLLA",
            "description": "cotta in forno a legna, pomodoro 100% italiano",
            "price": {
              "full": "2,49",
              "discount": "-25%",
              "discounted": "1,85",
              "priceDecimalSeparator": ",",
              "discountDecimalSeparator": ","
            },
            "subName": "378 g - € 4,89/kg",
            "productImage": "assets/9-713.png?w=289&h=300&ar=0.9633333333333334",
            "specs": [{ "src": "assets/surgelato-1.png?w=81&h=100&ar=0.81", "size": "large" }],
            "available": false,
            "highlights": [],
            "unitType": "a confezione",
            "categoryId": 14669,
            "categoryName": "Pizza",
            "categorySlug": "pizza-surgelata",
            "position": 34,
            "id": "661826cc-16f8-471b-9831-17beac1f3abc"
          },
          {
            "brandText": "GOLDEN SEAFOOD",
            "name": "GAMBERI ARGENTINI",
            "description": "",
            "price": {
              "full": "5,99",
              "discount": "-25%",
              "discounted": "4,49",
              "priceDecimalSeparator": ",",
              "discountDecimalSeparator": ","
            },
            "subName": "400 g - € 11,23/kg",
            "productImage": "assets/10-670.png?w=300&h=185&ar=1.6216216216216217",
            "specs": [{ "src": "assets/surgelato-1.png?w=81&h=100&ar=0.81", "size": "large" }],
            "available": false,
            "highlights": [],
            "unitType": "a confezione",
            "categoryId": 14931,
            "categoryName": "Gamberi",
            "categorySlug": "gamberi",
            "position": 35,
            "id": "661826cd-5a00-4cb8-a489-294fac1f5aa6"
          },
          {
            "brandText": "I COLORI DEL SAPORE",
            "name": "MELANZANE GRIGLIATE",
            "description": "",
            "price": {
              "full": "2,09",
              "discount": "-25%",
              "discounted": "1,55",
              "priceDecimalSeparator": ",",
              "discountDecimalSeparator": ","
            },
            "subName": "450 g - € 3,44/kg",
            "productImage": "assets/11-604.png?w=300&h=244&ar=1.2295081967213115",
            "specs": [
              { "src": "assets/surgelato-1.png?w=81&h=100&ar=0.81", "size": "large" },
              { "src": "assets/it_2023_14_wop_00_02-03-1.png?w=107&h=100&ar=1.07", "size": "large" }
            ],
            "available": false,
            "highlights": [],
            "selectedBadge": "flag_ita",
            "unitType": "a confezione",
            "categoryId": 14455,
            "categoryName": "Melanzane",
            "categorySlug": "melanzane",
            "position": 36,
            "id": "661826cd-e164-4391-b348-2717ac1f5aa6"
          },
          {
            "brandText": "GRANDESSA",
            "name": "TORTA SAINT HONORÉ",
            "description": "",
            "price": {
              "full": "5,59",
              "discount": "-25%",
              "discounted": "4,19",
              "priceDecimalSeparator": ",",
              "discountDecimalSeparator": ","
            },
            "subName": "750 g - € 5,59/kg",
            "productImage": "assets/12-546.png?w=297&h=300&ar=0.99",
            "specs": [
              { "src": "assets/surgelato-1.png?w=81&h=100&ar=0.81", "size": "large" },
              { "src": "assets/1-1043.png?w=100&h=100&ar=1", "size": "large" },
              { "src": "assets/1-1085.png?w=88&h=100&ar=0.88", "size": "large" }
            ],
            "available": false,
            "highlights": [],
            "unitType": "a confezione",
            "categoryId": 14810,
            "categoryName": "Pasticceria",
            "categorySlug": "pasticceria",
            "position": 37,
            "id": "661826ce-3d68-47c6-a232-1762ac1f3abc"
          },
          {
            "brandText": "BIO NATURA",
            "name": "NETTARE DI MIRTILLO BIO",
            "description": "",
            "price": {
              "full": "2,29",
              "discount": "-25%",
              "discounted": "1,71",
              "priceDecimalSeparator": ",",
              "discountDecimalSeparator": ","
            },
            "subName": "500 ml - € 3,42/litro",
            "productImage": "assets/13-476.png?w=89&h=300&ar=0.2966666666666667",
            "specs": [{ "src": "assets/it_2023_24_wop_00_02-03-10.png?w=100&h=100&ar=1", "size": "large" }],
            "available": false,
            "highlights": [],
            "unitType": "a bottiglia ",
            "categoryId": 15039,
            "categoryName": "Succhi di frutta",
            "categorySlug": "succhi-di-frutta",
            "position": 38,
            "id": "661826ce-20f8-4b75-a5e8-183bac1f3abc"
          },
          {
            "brandText": "FLYING POWER",
            "name": "ENERGY DRINK",
            "description": "regular/sugarfree",
            "price": {
              "full": "0,62",
              "discount": "-25%",
              "discounted": "0,46",
              "priceDecimalSeparator": ",",
              "discountDecimalSeparator": ","
            },
            "subName": "250 ml - € 1,84/litro",
            "productImage": "assets/14-437.png?w=194&h=300&ar=0.6466666666666666",
            "available": false,
            "highlights": [],
            "unitType": "a lattina",
            "categoryId": 15042,
            "categoryName": "Energy drink",
            "categorySlug": "energy-drink",
            "position": 39,
            "id": "661826cf-3be4-4c0a-87fa-2c14ac1f5aa6"
          },
          {
            "brandText": "BECK'S",
            "name": "BIRRA",
            "description": "5% vol.",
            "price": {
              "full": "0,99",
              "discount": "-25%",
              "discounted": "0,74",
              "priceDecimalSeparator": ",",
              "discountDecimalSeparator": ","
            },
            "subName": "355 ml - € 2,08/litro",
            "productImage": "assets/15-386.png?w=75&h=300&ar=0.25",
            "available": false,
            "highlights": [],
            "unitType": "a bottiglia",
            "categoryId": 14988,
            "categoryName": "Birra",
            "categorySlug": "birra",
            "position": 40,
            "id": "661826cf-2584-4741-9b8e-2b8aac1f5aa6"
          },
          {
            "brandText": "RAVINI",
            "name": "HUGO FRIZZANTE",
            "description": "3,9% vol.",
            "price": {
              "full": "2,19",
              "discount": "-25%",
              "discounted": "1,64",
              "priceDecimalSeparator": ",",
              "discountDecimalSeparator": ","
            },
            "subName": "750 ml - € 2,19/litro",
            "productImage": "assets/16-336.png?w=86&h=300&ar=0.2866666666666667",
            "available": false,
            "highlights": [],
            "unitType": "a bottiglia",
            "categoryId": 14996,
            "categoryName": "Vino",
            "categorySlug": "vino",
            "position": 41,
            "id": "661826cf-a64c-45be-8539-2b8aac1f5aa6"
          },
          {
            "brandText": "SASSO AL VENTO",
            "name": "PRIMITIVO DI MANDURIA DOC",
            "description": "",
            "price": {
              "full": "4,49",
              "discount": "-25%",
              "discounted": "3,35",
              "priceDecimalSeparator": ",",
              "discountDecimalSeparator": ","
            },
            "subName": "750 ml - € 4,47/litro",
            "productImage": "assets/17-295.png?w=75&h=300&ar=0.25",
            "available": false,
            "highlights": [],
            "unitType": "a bottiglia",
            "categoryId": 14996,
            "categoryName": "Vino",
            "categorySlug": "vino",
            "position": 42,
            "id": "661826d0-38e8-45c3-aa29-16f7ac1f3abc"
          },
          {
            "name": "LUGANA DOC",
            "description": "",
            "price": {
              "full": "6,99",
              "discount": "-25%",
              "discounted": "5,19",
              "priceDecimalSeparator": ",",
              "discountDecimalSeparator": ","
            },
            "subName": "750 ml - € 6,92/litro",
            "productImage": "assets/18-256.png?w=79&h=300&ar=0.2633333333333333",
            "available": false,
            "highlights": [],
            "unitType": "a bottiglia",
            "categoryId": 14996,
            "categoryName": "Vino",
            "categorySlug": "vino",
            "position": 43,
            "id": "661826d0-40b8-4b0e-b887-16f7ac1f3abc"
          },
          {
            "brandText": "ELMEX",
            "name": "DENTIFRICIO",
            "description": "",
            "price": {
              "full": "4,79",
              "discount": "-25%",
              "discounted": "3,59",
              "priceDecimalSeparator": ",",
              "discountDecimalSeparator": ","
            },
            "subName": "75 ml - € 4,79/100 ml",
            "productImage": "assets/19-184.png?w=300&h=161&ar=1.8633540372670807",
            "available": false,
            "highlights": [],
            "unitType": "al pezzo",
            "categoryId": 13697,
            "categoryName": "Dentifricio",
            "categorySlug": "dentifricio",
            "position": 44,
            "id": "661826d0-7940-4520-8c20-2d12ac1f5aa6"
          },
          {
            "brandText": "OMBIA",
            "name": "RASOIO USA E GETTA 2 LAME",
            "description": "• uomo/donna<br/>• 10 pezzi",
            "price": {
              "full": "1,35",
              "discount": "-25%",
              "discounted": "1,00",
              "priceDecimalSeparator": ",",
              "discountDecimalSeparator": ","
            },
            "productImage": "assets/20-150.png?w=216&h=300&ar=0.72",
            "available": false,
            "highlights": [],
            "unitType": "a confezione",
            "categoryId": 13734,
            "categoryName": "Rasoio",
            "categorySlug": "rasoio",
            "position": 45,
            "id": "661826d1-afa0-427c-bce6-2bb6ac1f5aa6"
          },
          {
            "brandText": "TANDIL",
            "name": "SACCHI PER RIFIUTI CON MANIGLIE ESTRAIBILI",
            "description": "• misura 50 x 60<br/>• rosa/azzurri<br/>• 35 l<br/>• 15 pezzi",
            "price": {
              "full": "0,99",
              "discount": "-25%",
              "discounted": "0,74",
              "priceDecimalSeparator": ",",
              "discountDecimalSeparator": ","
            },
            "productImage": "assets/ALDIKW16SACCHIPERRIFIUTI CONMANIGLIEESTRAIBILI_01.png?w=232&h=300&ar=0.7733333333333333",
            "available": false,
            "highlights": [],
            "unitType": "a confezione",
            "categoryId": 15244,
            "categoryName": "Sacchetto spazzatura",
            "categorySlug": "sacchetto-spazzatura",
            "position": 46,
            "hide": false,
            "modifier": "cell",
            "subModifier": "default",
            "productMultiImages": [],
            "hideBottomLine": false,
            "bundleInfo": {},
            "timing": { "create": "8/4/2024, 10:18:16", "update": "8/4/2024, 10:18:16" },
            "id": "661826d1-f390-4b1d-a52f-2bb6ac1f5aa6"
          },
          {
            "brandText": "ROMEO PREMIUM",
            "name": "SNACK DI FILETTO PER CANI",
            "description": "gusti vari",
            "price": {
              "full": "2,29",
              "discount": "-25%",
              "discounted": "1,71",
              "priceDecimalSeparator": ",",
              "discountDecimalSeparator": ","
            },
            "subName": "150/100 g - € 11,40/17,10/kg",
            "productImage": "assets/22-114.png?w=300&h=231&ar=1.2987012987012987",
            "available": false,
            "highlights": [],
            "unitType": "a confezione",
            "hide": false,
            "modifier": "wide",
            "subModifier": "default",
            "productMultiImages": [],
            "categorySlug": "cibo-per-cani",
            "categoryName": "Cibo per cani",
            "hideBottomLine": false,
            "bundleInfo": {},
            "timing": { "create": "5/4/2024, 14:24:09", "update": "5/4/2024, 14:24:09" },
            "categoryId": 13355,
            "position": 47,
            "id": "661826d1-5050-4397-b6da-2bb6ac1f5aa6"
          }
        ],
        "id": "offerte_in_evidenza_1712319552566_8848"
      },
      {
        "name": "Frutta e Verdura",
        "backgroundPattern": "assets/sfondoverdearance-1-scaled.jpg?w=655&h=2560&ar=0.255859375",
        "products": [
          {
            "name": "BANNER",
            "type": "image",
            "tracking": true,
            "modifier": "wide",
            "props": {
              "src": "assets/cogliilrisparmiobannersezfruttaperaldikw07.png?w=2026&h=1126&ar=1.7992895204262878",
              "modifier": "wide",
              "ctaUrl": ""
            },
            "position": 48
          },
          {
            "brandText": "I COLORI DEL SAPORE",
            "name": "ASPARAGI VERDI ",
            "description": "",
            "price": {
              "full": "2,99",
              "discount": "-33%",
              "discounted": "1,99",
              "priceDecimalSeparator": ",",
              "discountDecimalSeparator": ","
            },
            "subName": "500 g - € 3,98/kg",
            "productImage": "assets/1-8449.png?w=114&h=300&ar=0.38",
            "specs": [{ "src": "assets/it_2023_14_wop_00_02-03-1.png?w=107&h=100&ar=1.07", "size": "large" }],
            "available": false,
            "highlights": [],
            "selectedBadge": "flag_ita",
            "unitType": "a confezione",
            "hide": false,
            "modifier": "cell",
            "subModifier": "default",
            "productMultiImages": [],
            "textColor": "rgba(255, 255, 255, 1)",
            "subTextColor": "rgba(255, 255, 255, 1)",
            "flyoutTextColor": "rgba(0, 0, 0, 1)",
            "flyoutSubTextColor": "rgba(0, 0, 0, 1)",
            "categorySlug": "asparagi",
            "categoryName": "Asparagi",
            "hideBottomLine": false,
            "bundleInfo": {},
            "timing": { "create": "5/4/2024, 14:24:39", "update": "5/4/2024, 14:24:39" },
            "categoryId": 14428,
            "position": 49,
            "id": "661826d2-0f5c-4041-abfa-2b76ac1f5aa6"
          },
          {
            "brandText": "REGIONE CHE VAI",
            "name": "MELE GOLDEN",
            "description": "",
            "price": {
              "full": "1,99",
              "discount": "-25%",
              "discounted": "1,49",
              "priceDecimalSeparator": ",",
              "discountDecimalSeparator": ","
            },
            "productImage": "assets/2-1438.png?w=300&h=161&ar=1.8633540372670807",
            "specs": [{ "src": "assets/it_2023_14_wop_00_02-03-1.png?w=107&h=100&ar=1.07", "size": "large" }],
            "available": false,
            "highlights": [],
            "selectedBadge": "flag_ita",
            "unitType": "al kg",
            "hide": false,
            "modifier": "cell",
            "subModifier": "default",
            "productMultiImages": [],
            "textColor": "rgba(255, 255, 255, 1)",
            "subTextColor": "rgba(255, 255, 255, 1)",
            "flyoutTextColor": "rgba(0, 0, 0, 1)",
            "flyoutSubTextColor": "rgba(0, 0, 0, 1)",
            "categorySlug": "mele-golden",
            "categoryName": "Mele Golden",
            "hideBottomLine": false,
            "bundleInfo": {},
            "timing": { "create": "5/4/2024, 14:25:13", "update": "5/4/2024, 14:25:13" },
            "categoryId": 14989,
            "position": 50,
            "id": "661826d2-6e44-4951-b456-2b76ac1f5aa6"
          },
          {
            "name": "POMODORO DATTERINO GIALLO",
            "description": "",
            "price": {
              "full": "2,19",
              "discount": "-31%",
              "discounted": "1,49",
              "priceDecimalSeparator": ",",
              "discountDecimalSeparator": ","
            },
            "subName": "250 g - € 5,96/kg",
            "productImage": "assets/3-1223.png?w=300&h=189&ar=1.5873015873015872",
            "specs": [{ "src": "assets/it_2023_14_wop_00_02-03-1.png?w=107&h=100&ar=1.07", "size": "large" }],
            "available": false,
            "highlights": [],
            "selectedBadge": "flag_ita",
            "unitType": "a confezione ",
            "hide": false,
            "modifier": "cell",
            "subModifier": "default",
            "productMultiImages": [],
            "textColor": "rgba(255, 255, 255, 1)",
            "subTextColor": "rgba(255, 255, 255, 1)",
            "flyoutTextColor": "rgba(0, 0, 0, 1)",
            "flyoutSubTextColor": "rgba(0, 0, 0, 1)",
            "categorySlug": "pomodori",
            "categoryName": "Pomodori",
            "hideBottomLine": false,
            "bundleInfo": {},
            "timing": { "create": "5/4/2024, 14:25:50", "update": "5/4/2024, 14:25:50" },
            "categoryId": 14431,
            "position": 51,
            "id": "661826d3-1cf8-47f0-9279-2bb6ac1f5aa6"
          },
          {
            "brandText": "REGIONE CHE VAI",
            "name": "POMODORO PICCADILLY ",
            "description": "",
            "price": {
              "full": "1,99",
              "discount": "-25%",
              "discounted": "1,49",
              "priceDecimalSeparator": ",",
              "discountDecimalSeparator": ","
            },
            "subName": "500 g - € 2,98/kg",
            "productImage": "assets/4-1111.png?w=300&h=191&ar=1.5706806282722514",
            "specs": [{ "src": "assets/it_2023_14_wop_00_02-03-1.png?w=107&h=100&ar=1.07", "size": "large" }],
            "available": false,
            "highlights": [],
            "selectedBadge": "flag_ita",
            "unitType": "a confezione",
            "hide": false,
            "modifier": "cell",
            "subModifier": "default",
            "productMultiImages": [],
            "textColor": "rgba(255, 255, 255, 1)",
            "subTextColor": "rgba(255, 255, 255, 1)",
            "flyoutTextColor": "rgba(0, 0, 0, 1)",
            "flyoutSubTextColor": "rgba(0, 0, 0, 1)",
            "categorySlug": "pomodori",
            "categoryName": "Pomodori",
            "hideBottomLine": false,
            "bundleInfo": {},
            "timing": { "create": "5/4/2024, 14:26:40", "update": "5/4/2024, 14:26:40" },
            "categoryId": 14431,
            "position": 52,
            "id": "661826d3-ab60-4524-a930-2d2cac1f5aa6"
          },
          {
            "brandText": "I COLORI DEL SAPORE",
            "name": "MELANZANE",
            "description": "",
            "price": {
              "full": "1,99",
              "discount": "-35%",
              "discounted": "1,29",
              "priceDecimalSeparator": ",",
              "discountDecimalSeparator": ","
            },
            "productImage": "assets/5-989.png?w=300&h=224&ar=1.3392857142857142",
            "specs": [{ "src": "assets/it_2023_14_wop_00_02-03-1.png?w=107&h=100&ar=1.07", "size": "large" }],
            "available": false,
            "highlights": [],
            "selectedBadge": "flag_ita",
            "unitType": "al kg",
            "hide": false,
            "modifier": "cell",
            "subModifier": "default",
            "productMultiImages": [],
            "textColor": "rgba(255, 255, 255, 1)",
            "subTextColor": "rgba(255, 255, 255, 1)",
            "flyoutTextColor": "rgba(0, 0, 0, 1)",
            "flyoutSubTextColor": "rgba(0, 0, 0, 1)",
            "categorySlug": "melanzane",
            "categoryName": "Melanzane",
            "hideBottomLine": false,
            "bundleInfo": {},
            "timing": { "create": "5/4/2024, 14:26:21", "update": "5/4/2024, 14:26:21" },
            "categoryId": 14455,
            "position": 53,
            "id": "661826d3-c0a4-4aa2-aa95-2d2cac1f5aa6"
          },
          {
            "name": "ZUCCA A CUBETTI",
            "description": "",
            "price": {
              "full": "1,99",
              "discount": "-25%",
              "discounted": "1,49",
              "priceDecimalSeparator": ",",
              "discountDecimalSeparator": ","
            },
            "subName": "500 g - € 2,98/kg",
            "productImage": "assets/6-918.png?w=300&h=199&ar=1.5075376884422111",
            "available": false,
            "highlights": [],
            "unitType": "a confezione",
            "hide": false,
            "modifier": "cell",
            "subModifier": "default",
            "productMultiImages": [],
            "textColor": "rgba(255, 255, 255, 1)",
            "subTextColor": "rgba(255, 255, 255, 1)",
            "flyoutTextColor": "rgba(0, 0, 0, 1)",
            "flyoutSubTextColor": "rgba(0, 0, 0, 1)",
            "categorySlug": "zucca",
            "categoryName": "Zucca",
            "hideBottomLine": false,
            "bundleInfo": {},
            "timing": { "create": "5/4/2024, 14:26:05", "update": "5/4/2024, 14:26:05" },
            "categoryId": 14434,
            "position": 54,
            "id": "661826d4-4cc0-4910-85bc-127fac1f3abc"
          },
          {
            "brandText": "I COLORI DEL SAPORE",
            "name": "LATTUGHINO",
            "description": "",
            "price": {
              "full": "0,99",
              "discount": "-30%",
              "discounted": "0,69",
              "priceDecimalSeparator": ",",
              "discountDecimalSeparator": ","
            },
            "subName": "125 g - € 5,52/kg",
            "productImage": "assets/7-835.png?w=261&h=300&ar=0.87",
            "specs": [{ "src": "assets/1-1056.png?w=100&h=100&ar=1", "size": "large" }],
            "available": false,
            "highlights": [],
            "selectedBadge": "flag_ita",
            "unitType": "a confezione",
            "hide": false,
            "modifier": "cell",
            "subModifier": "default",
            "productMultiImages": [],
            "textColor": "rgba(255, 255, 255, 1)",
            "subTextColor": "rgba(255, 255, 255, 1)",
            "flyoutTextColor": "rgba(0, 0, 0, 1)",
            "flyoutSubTextColor": "rgba(0, 0, 0, 1)",
            "categorySlug": "insalata",
            "categoryName": "Insalata",
            "hideBottomLine": false,
            "bundleInfo": {},
            "timing": { "create": "5/4/2024, 14:25:30", "update": "8/4/2024, 10:19:06" },
            "categoryId": 14459,
            "position": 55,
            "id": "661826d5-fb20-4091-acae-17acac1f3abc"
          },
          {
            "name": "PERE COSCIA",
            "description": "",
            "price": {
              "full": "1,99",
              "discount": "-25%",
              "discounted": "1,49",
              "priceDecimalSeparator": ",",
              "discountDecimalSeparator": ","
            },
            "subName": "500 g - € 2,98/kg",
            "productImage": "assets/8-771.png?w=300&h=287&ar=1.0452961672473868",
            "available": false,
            "highlights": [],
            "unitType": "a confezione",
            "hide": false,
            "modifier": "cell",
            "subModifier": "default",
            "productMultiImages": [],
            "textColor": "rgba(255, 255, 255, 1)",
            "subTextColor": "rgba(255, 255, 255, 1)",
            "flyoutTextColor": "rgba(0, 0, 0, 1)",
            "flyoutSubTextColor": "rgba(0, 0, 0, 1)",
            "categorySlug": "pere",
            "categoryName": "Pere",
            "hideBottomLine": false,
            "bundleInfo": {},
            "timing": { "create": "5/4/2024, 14:24:54", "update": "5/4/2024, 14:24:54" },
            "categoryId": 14385,
            "position": 56,
            "id": "661826d5-58b8-45db-b6a0-185bac1f3abc"
          }
        ],
        "id": "frutta_e_verdura_1712319552566_1158"
      },
      {
        "name": "Carne e Pesce",
        "header": {
          "type": "image",
          "props": { "src": "assets/ritagliobanneraldicarnepesce09-1.jpg?w=768&h=309&ar=2.4854368932038833" }
        },
        "products": [
          {
            "brandText": "IL PODERE",
            "name": "SALAMELLA SENZA PELLE",
            "description": "per griglia",
            "price": {
              "full": "2,39",
              "discount": "-25%",
              "discounted": "1,77",
              "priceDecimalSeparator": ",",
              "discountDecimalSeparator": ","
            },
            "subName": "260 g - € 6,81/kg",
            "productImage": "assets/1-8450.png?w=300&h=187&ar=1.6042780748663101",
            "specs": [{ "src": "assets/100_carne_italiana.png?w=100&h=100&ar=1", "size": "large" }],
            "available": false,
            "highlights": [],
            "selectedBadge": "flag_ita",
            "unitType": "a confezione",
            "categoryId": 14617,
            "categoryName": "Salsicce",
            "categorySlug": "salsicce",
            "position": 57,
            "id": "661826d6-4ba0-44d5-a477-2d71ac1f5aa6"
          },
          {
            "brandText": "IL PODERE",
            "name": "STRACCETTI DI POLLO",
            "description": "",
            "price": {
              "full": "3,99",
              "discount": "-25%",
              "discounted": "2,99",
              "priceDecimalSeparator": ",",
              "discountDecimalSeparator": ","
            },
            "subName": "350 g - € 8,54/kg",
            "productImage": "assets/2-1439.png?w=300&h=192&ar=1.5625",
            "specs": [
              { "src": "assets/100_carne_italiana.png?w=100&h=100&ar=1", "size": "large" },
              { "src": "assets/allevatosezausodiantibiotici.png?w=126&h=60&ar=2.1", "size": "large" }
            ],
            "available": false,
            "highlights": [],
            "selectedBadge": "flag_ita",
            "unitType": "a confezione",
            "categoryId": 14596,
            "categoryName": "Pollo",
            "categorySlug": "pollo",
            "position": 58,
            "id": "661826d6-8dcc-4c0d-86e1-2d71ac1f5aa6"
          },
          {
            "brandText": "IL PODERE",
            "name": "SOTTILISSIME DI SUINO",
            "description": "",
            "price": {
              "full": "3,59",
              "discount": "-25%",
              "discounted": "2,69",
              "priceDecimalSeparator": ",",
              "discountDecimalSeparator": ","
            },
            "subName": "300 g - € 8,97/kg",
            "productImage": "assets/3-1224.png?w=300&h=214&ar=1.4018691588785046",
            "specs": [{ "src": "assets/100_carne_italiana.png?w=100&h=100&ar=1", "size": "large" }],
            "available": false,
            "highlights": [],
            "selectedBadge": "flag_ita",
            "unitType": "a confezione",
            "categoryId": 14563,
            "categoryName": "Carne",
            "categorySlug": "carne",
            "position": 59,
            "id": "661826d7-0b40-42af-8576-2de9ac1f5aa6"
          },
          {
            "brandText": "IL PODERE",
            "name": "TARTARE DI BOVINO",
            "description": "",
            "price": {
              "full": "4,49",
              "discount": "-25%",
              "discounted": "3,35",
              "priceDecimalSeparator": ",",
              "discountDecimalSeparator": ","
            },
            "subName": "2 x 105 g - € 15,95/kg",
            "productImage": "assets/4-1112.png?w=300&h=165&ar=1.8181818181818181",
            "available": false,
            "highlights": [],
            "unitType": "a confezione",
            "categoryId": 14563,
            "categoryName": "Carne",
            "categorySlug": "carne",
            "position": 60,
            "id": "661826d7-f08c-45e7-a417-1852ac1f3abc"
          },
          {
            "brandText": "ALMARE SEAFOOD",
            "name": "MERLUZZO PANATO AL LIMONE",
            "description": "",
            "price": {
              "full": "3,99",
              "discount": "-25%",
              "discounted": "2,99",
              "priceDecimalSeparator": ",",
              "discountDecimalSeparator": ","
            },
            "subName": "300 g - € 9,97/kg",
            "productImage": "assets/5-990.png?w=300&h=129&ar=2.3255813953488373",
            "specs": [{ "src": "assets/banco_frigo.png?w=98&h=100&ar=0.98", "size": "large" }],
            "available": false,
            "highlights": [],
            "unitType": "a confezione",
            "categoryId": 14920,
            "categoryName": "Merluzzo",
            "categorySlug": "merluzzo",
            "position": 61,
            "hide": false,
            "modifier": "cell",
            "subModifier": "default",
            "productMultiImages": [],
            "hideBottomLine": false,
            "bundleInfo": {},
            "timing": { "create": "8/4/2024, 10:21:04", "update": "8/4/2024, 10:21:32" },
            "id": "661826d8-807c-4505-8029-1582ac1f3abc"
          },
          {
            "brandText": "IL PODERE",
            "name": "BOCCONCINI DI COSCIA DI POLLO",
            "description": "",
            "price": { "discounted": "4,49", "priceDecimalSeparator": ",", "discountDecimalSeparator": "," },
            "subName": "800 g - € 5,61/kg",
            "productImage": "assets/6-919.png?w=300&h=141&ar=2.127659574468085",
            "specs": [{ "src": "assets/100_carne_italiana.png?w=100&h=100&ar=1", "size": "large" }],
            "available": false,
            "highlights": [],
            "selectedBadge": "Tempo_Limitato_Flagita",
            "unitType": "a confezione",
            "categoryId": 14596,
            "categoryName": "Pollo",
            "categorySlug": "pollo",
            "position": 62,
            "id": "661826d9-c6e4-4fdc-ae86-12afac1f3abc"
          },
          {
            "brandText": "IL PODERE",
            "name": "ALI DI POLLO PANATE",
            "description": "",
            "price": { "discounted": "2,99", "priceDecimalSeparator": ",", "discountDecimalSeparator": "," },
            "subName": "400 g - € 7,48/kg",
            "productImage": "assets/7-836.png?w=300&h=117&ar=2.5641025641025643",
            "specs": [{ "src": "assets/100_carne_italiana.png?w=100&h=100&ar=1", "size": "large" }],
            "available": false,
            "highlights": [],
            "selectedBadge": "Tempo_Limitato_Flagita",
            "unitType": "a confezione",
            "categoryId": 14596,
            "categoryName": "Pollo",
            "categorySlug": "pollo",
            "position": 63,
            "id": "661826d9-3988-46ba-85a3-18d7ac1f3abc"
          },
          {
            "brandText": "BBQ",
            "name": "MINI BURGER DI BOVINO",
            "description": "",
            "price": { "discounted": "1,79", "priceDecimalSeparator": ",", "discountDecimalSeparator": "," },
            "subName": "6 x 30 g - € 9,94/kg",
            "productImage": "assets/8-772.png?w=300&h=143&ar=2.097902097902098",
            "available": false,
            "highlights": [],
            "selectedBadge": "Tempo_Limitato",
            "unitType": "a confezione",
            "categoryId": 14563,
            "categoryName": "Carne",
            "categorySlug": "carne",
            "position": 64,
            "id": "661826da-a254-440e-8b72-2c52ac1f5aa6"
          }
        ],
        "id": "carne_e_pesce_1712319552566_2285"
      },
      {
        "name": "Dispensa",
        "backgroundPattern": "assets/sfondospecialitaregionaliugualeakw5wperkw11.png?w=768&h=4000&ar=0.192",
        "products": [
          {
            "name": "BANNER",
            "type": "image",
            "tracking": true,
            "modifier": "wide",
            "props": {
              "src": "assets/banneraldiregionechevai.png?w=768&h=540&ar=1.4222222222222223",
              "modifier": "wide",
              "ctaUrl": ""
            },
            "position": 65
          },
          {
            "brandText": "REGIONE CHE VAI",
            "name": "TALEGGIO DOP",
            "description": "",
            "price": {
              "full": "2,89",
              "discount": "-10%",
              "discounted": "2,59",
              "priceDecimalSeparator": ",",
              "discountDecimalSeparator": ","
            },
            "subName": "330 g - € 7,85/kg",
            "productImage": "assets/c-16.png?w=479&h=367&ar=1.3051771117166213",
            "specs": [{ "src": "assets/1-1047.png?w=100&h=100&ar=1", "size": "large" }],
            "available": false,
            "highlights": [],
            "unitType": "al pezzo",
            "categoryId": 14529,
            "categoryName": "Formaggio",
            "categorySlug": "formaggio",
            "position": 66,
            "id": "661826da-0a58-4b1f-9000-1914ac1f3abc"
          },
          {
            "brandText": "REGIONE CHE VAI",
            "name": "MORTADELLA BOLOGNA IGP",
            "description": "",
            "price": {
              "full": "1,59",
              "discount": "-18%",
              "discounted": "1,29",
              "priceDecimalSeparator": ",",
              "discountDecimalSeparator": ","
            },
            "subName": "150 g - € 8,60/kg",
            "productImage": "assets/cc.png?w=506&h=445&ar=1.1370786516853932",
            "specs": [{ "src": "assets/igp-1024x791-1.png?w=129&h=100&ar=1.29", "size": "large" }],
            "available": false,
            "highlights": [],
            "unitType": "a confezione",
            "categoryId": 14628,
            "categoryName": "Mortadella",
            "categorySlug": "mortadella",
            "position": 67,
            "id": "661826db-1434-49d7-9d9a-294fac1f5aa6"
          },
          {
            "brandText": "REGIONE CHE VAI",
            "name": "TRECCE DI MOZZARELLA",
            "description": "",
            "price": { "discounted": "1,69", "priceDecimalSeparator": ",", "discountDecimalSeparator": "," },
            "subName": "2 x 100 g - € 8,45/kg sgocc.",
            "productImage": "assets/1-8460.png?w=595&h=406&ar=1.4655172413793103",
            "specs": [{ "src": "assets/1-1042.png?w=100&h=100&ar=1", "size": "large" }],
            "available": false,
            "highlights": [],
            "selectedBadge": "FLAG_ITA_ARROW_MEDIUM",
            "unitType": "al pezzo",
            "hide": false,
            "modifier": "cell",
            "subModifier": "default",
            "productMultiImages": [],
            "categorySlug": "mozzarella",
            "categoryName": "Mozzarella",
            "hideBottomLine": false,
            "bundleInfo": {},
            "timing": { "create": "5/4/2024, 14:27:28", "update": "5/4/2024, 14:27:28" },
            "categoryId": 14535,
            "position": 68,
            "id": "661826db-ef38-4b35-bfca-1911ac1f3abc"
          },
          {
            "brandText": "REGIONE CHE VAI",
            "name": "TOMINI ASSORTITI CON BACON",
            "description": "",
            "price": { "discounted": "4,49", "priceDecimalSeparator": ",", "discountDecimalSeparator": "," },
            "subName": "375 g - € 11,97/kg",
            "productImage": "assets/2-1449.png?w=617&h=370&ar=1.6675675675675676",
            "specs": [{ "src": "assets/1-1042.png?w=100&h=100&ar=1", "size": "large" }],
            "available": false,
            "highlights": [],
            "selectedBadge": "FLAG_ITA_ARROW_MEDIUM",
            "unitType": "a confezione",
            "hide": false,
            "modifier": "cell",
            "subModifier": "default",
            "productMultiImages": [],
            "categorySlug": "formaggio",
            "categoryName": "Formaggio",
            "hideBottomLine": false,
            "bundleInfo": {},
            "timing": { "create": "5/4/2024, 14:27:41", "update": "5/4/2024, 14:27:41" },
            "categoryId": 14529,
            "position": 69,
            "id": "661826dc-e60c-4de0-b3c1-2c4cac1f5aa6"
          },
          {
            "brandText": "REGIONE CHE VAI",
            "name": "ASIAGO E MONTASIO DOP A CUBETTI",
            "description": "",
            "price": { "discounted": "2,69", "priceDecimalSeparator": ",", "discountDecimalSeparator": "," },
            "subName": "200 g -€ 13,45/kg",
            "productImage": "assets/3-1233.png?w=583&h=660&ar=0.8833333333333333",
            "specs": [
              { "src": "assets/1-1042.png?w=100&h=100&ar=1", "size": "large" },
              { "src": "assets/1-1047.png?w=100&h=100&ar=1", "size": "large" }
            ],
            "available": false,
            "highlights": [],
            "selectedBadge": "FLAG_ITA_ARROW_MEDIUM",
            "unitType": "a confezione",
            "hide": false,
            "modifier": "cell",
            "subModifier": "img_squared_pb_horizontal",
            "productMultiImages": [],
            "categorySlug": "formaggio",
            "categoryName": "Formaggio",
            "hideBottomLine": false,
            "bundleInfo": {},
            "timing": { "create": "5/4/2024, 14:27:53", "update": "5/4/2024, 14:27:53" },
            "categoryId": 14529,
            "position": 70,
            "id": "661826dc-cae4-46da-802b-1624ac1f3abc"
          },
          {
            "brandText": "REGIONE CHE VAI",
            "name": "PECORINO SARDO DOP DOLCE",
            "description": "",
            "price": { "discounted": "3,99", "priceDecimalSeparator": ",", "discountDecimalSeparator": "," },
            "subName": "250 g - € 15,96/kg",
            "productImage": "assets/4-1121.png?w=411&h=422&ar=0.9739336492890995",
            "specs": [{ "src": "assets/1-1047.png?w=100&h=100&ar=1", "size": "large" }],
            "available": false,
            "highlights": [],
            "unitType": "al pezzo",
            "categoryId": 14554,
            "categoryName": "Pecorino",
            "categorySlug": "pecorino",
            "position": 71,
            "id": "661826dc-2504-41e0-ab25-1912ac1f3abc"
          },
          {
            "brandText": "REGIONE CHE VAI",
            "name": "AFFETTATI SARDI ",
            "description": "prosciutto crudo/mustela",
            "price": { "discounted": "2,99", "priceDecimalSeparator": ",", "discountDecimalSeparator": "," },
            "subName": "100 g - € 29,90/kg",
            "productImage": "assets/5-999.png?w=643&h=545&ar=1.1798165137614678",
            "specs": [{ "src": "assets/100_carne_italiana.png?w=100&h=100&ar=1", "size": "large" }],
            "available": false,
            "highlights": [],
            "selectedBadge": "FLAG_ITA_ARROW_MEDIUM",
            "hide": false,
            "modifier": "cell",
            "subModifier": "default",
            "productMultiImages": [],
            "categorySlug": "polpo",
            "categoryName": "Polpo",
            "hideBottomLine": false,
            "bundleInfo": {},
            "timing": { "create": "5/4/2024, 14:28:06", "update": "5/4/2024, 14:28:06" },
            "categoryId": 14900,
            "position": 72,
            "id": "661826dd-7d2c-4b0c-b44c-2e64ac1f5aa6"
          },
          {
            "brandText": "REGIONE CHE VAI",
            "name": "PORCHETTA DI ARICCIA IGP",
            "description": "",
            "price": { "discounted": "3,49", "priceDecimalSeparator": ",", "discountDecimalSeparator": "," },
            "subName": "180 g - € 19,39/kg",
            "productImage": "assets/6-928.png?w=355&h=468&ar=0.7585470085470085",
            "specs": [{ "src": "assets/igp-1024x791-1-1.png?w=129&h=100&ar=1.29", "size": "large" }],
            "available": false,
            "highlights": [],
            "unitType": "a confezione",
            "categoryId": 14626,
            "categoryName": "Porchetta",
            "categorySlug": "porchetta",
            "position": 73,
            "id": "661826dd-317c-463c-9402-2c4cac1f5aa6"
          },
          {
            "brandText": "REGIONE CHE VAI",
            "name": "CICCIOLI",
            "description": "",
            "price": { "discounted": "1,79", "priceDecimalSeparator": ",", "discountDecimalSeparator": "," },
            "subName": "150 g - € 11,93/kg",
            "productImage": "assets/7-844.png?w=364&h=554&ar=0.6570397111913358",
            "specs": [{ "src": "assets/100_carne_italiana.png?w=100&h=100&ar=1", "size": "large" }],
            "available": false,
            "highlights": [],
            "selectedBadge": "FLAG_ITA_ARROW_MEDIUM",
            "unitType": "a confezione",
            "hide": false,
            "modifier": "wide",
            "subModifier": "default",
            "productMultiImages": [],
            "categorySlug": "salumi",
            "categoryName": "Salumi",
            "hideBottomLine": false,
            "bundleInfo": {},
            "timing": { "create": "5/4/2024, 14:28:42", "update": "5/4/2024, 14:28:42" },
            "categoryId": 14620,
            "position": 74,
            "id": "661826de-de60-4439-8e78-1852ac1f3abc"
          },
          {
            "brandText": "REGIONE CHE VAI",
            "name": "TONNARELLI",
            "description": "",
            "price": { "discounted": "1,39", "priceDecimalSeparator": ",", "discountDecimalSeparator": "," },
            "subName": "450 g - € 3,09/kg",
            "productImage": "assets/8-780.png?w=343&h=476&ar=0.7205882352941176",
            "specs": [{ "src": "assets/banco_frigo.png?w=98&h=100&ar=0.98", "size": "large" }],
            "available": false,
            "highlights": [],
            "unitType": "a confezione",
            "categoryId": 14864,
            "categoryName": "Pasta",
            "categorySlug": "pasta",
            "position": 75,
            "id": "661826de-2124-44f6-a1bf-2e49ac1f5aa6"
          },
          {
            "brandText": "REGIONE CHE VAI",
            "name": "CREMA DI 'NDUJA",
            "description": "",
            "price": { "discounted": "2,99", "priceDecimalSeparator": ",", "discountDecimalSeparator": "," },
            "subName": "180 g - € 16,61/kg",
            "productImage": "assets/9-718.png?w=329&h=457&ar=0.7199124726477024",
            "specs": [{ "src": "assets/1-1056.png?w=100&h=100&ar=1", "size": "large" }],
            "available": false,
            "highlights": [],
            "selectedBadge": "FLAG_ITA_ARROW_MEDIUM",
            "unitType": "a vasetto",
            "hide": false,
            "modifier": "cell",
            "subModifier": "default",
            "productMultiImages": [],
            "categorySlug": "conserve",
            "categoryName": "Conserve",
            "hideBottomLine": false,
            "bundleInfo": {},
            "timing": { "create": "5/4/2024, 14:28:55", "update": "5/4/2024, 14:28:55" },
            "categoryId": 14686,
            "position": 76,
            "id": "661826de-630c-4129-8c51-194eac1f3abc"
          },
          {
            "brandText": "REGIONE CHE VAI",
            "name": "PESTO GENOVESE CON BASILICO DOP",
            "description": "",
            "price": { "discounted": "1,99", "priceDecimalSeparator": ",", "discountDecimalSeparator": "," },
            "subName": "180 g - € 11,06/kg",
            "productImage": "assets/10-675.png?w=552&h=626&ar=0.8817891373801917",
            "specs": [{ "src": "assets/1-1047.png?w=100&h=100&ar=1", "size": "large" }],
            "available": false,
            "highlights": [],
            "unitType": "a vasetto",
            "categoryId": 14715,
            "categoryName": "Pesto",
            "categorySlug": "pesto",
            "position": 77,
            "id": "661826df-fb08-4550-a72d-2b6eac1f5aa6"
          },
          {
            "brandText": "REGIONE CHE VAI",
            "name": "PEPERONCINO TRITO 100% CALABRESE",
            "description": "",
            "price": { "discounted": "2,49", "priceDecimalSeparator": ",", "discountDecimalSeparator": "," },
            "subName": "180 g - € 13,83/kg",
            "productImage": "assets/11-607.png?w=362&h=451&ar=0.802660753880266",
            "available": false,
            "highlights": [],
            "unitType": "al pezzo",
            "categoryId": 14608,
            "categoryName": "Carne macinata",
            "categorySlug": "carne-macinata",
            "position": 78,
            "id": "661826df-a7e0-4f11-a9a7-2b6eac1f5aa6"
          },
          {
            "brandText": "REGIONE CHE VAI",
            "name": "GRISSINI PIEMONTESI",
            "description": "",
            "price": { "discounted": "2,39", "priceDecimalSeparator": ",", "discountDecimalSeparator": "," },
            "subName": "200 g - € 11,95/kg",
            "productImage": "assets/12-551.png?w=262&h=817&ar=0.32068543451652387",
            "available": false,
            "highlights": [],
            "unitType": "a confezione",
            "categoryId": 14743,
            "categoryName": "Grissini",
            "categorySlug": "grissini",
            "position": 79,
            "id": "661826e0-d4c0-41e1-8faf-1914ac1f3abc"
          },
          {
            "brandText": "REGIONE CHE VAI",
            "name": "KRUMIRI PIEMONTESI",
            "description": "",
            "price": { "discounted": "2,79", "priceDecimalSeparator": ",", "discountDecimalSeparator": "," },
            "subName": "250 g - € 11,16/kg",
            "productImage": "assets/13-480.png?w=453&h=636&ar=0.7122641509433962",
            "available": false,
            "highlights": [],
            "unitType": "a confezione",
            "categoryId": 14786,
            "categoryName": "Biscotti",
            "categorySlug": "biscotti",
            "position": 80,
            "id": "661826e0-2d84-4a33-9045-1914ac1f3abc"
          },
          {
            "brandText": "REGIONE CHE VAI",
            "name": "PASTE DI MANDORLA",
            "description": "",
            "price": { "discounted": "2,99", "priceDecimalSeparator": ",", "discountDecimalSeparator": "," },
            "subName": "150 g - € 19,93/kg",
            "productImage": "assets/1-8453.png?w=184&h=300&ar=0.6133333333333333",
            "available": false,
            "highlights": [],
            "unitType": "a confezione",
            "categoryId": 14810,
            "categoryName": "Pasticceria",
            "categorySlug": "pasticceria",
            "position": 81,
            "id": "661826e0-13b8-4eae-81f7-1799ac1f3abc"
          },
          {
            "brandText": "REGIONE CHE VAI",
            "name": "TORTA SBRISOLONA",
            "description": "",
            "price": { "discounted": "3,99", "priceDecimalSeparator": ",", "discountDecimalSeparator": "," },
            "subName": "350 g - € 11,40/kg",
            "productImage": "assets/2-1442.png?w=300&h=233&ar=1.2875536480686696",
            "available": false,
            "highlights": [],
            "unitType": "a confezione",
            "categoryId": 15499,
            "categoryName": "Torte",
            "categorySlug": "torte",
            "position": 82,
            "id": "661826e1-6c08-456c-976a-2b83ac1f5aa6"
          },
          {
            "brandText": "REGIONE CHE VAI",
            "name": "MARMELLATE SICILIANE",
            "description": "gusti vari",
            "price": { "discounted": "2,49", "priceDecimalSeparator": ",", "discountDecimalSeparator": "," },
            "subName": "360 g - € 6,92/kg",
            "productImage": "assets/3-1227.png?w=300&h=229&ar=1.3100436681222707",
            "available": false,
            "highlights": [],
            "unitType": "a vasetto",
            "categoryId": 14785,
            "categoryName": "Marmellata",
            "categorySlug": "marmellata",
            "position": 83,
            "id": "661826e1-5698-45ad-9e32-2a9dac1f5aa6"
          },
          {
            "brandText": "REGIONE CHE VAI",
            "name": "CIOCCOLATO DI MODICA IGP",
            "description": "gusti vari",
            "price": { "discounted": "1,99", "priceDecimalSeparator": ",", "discountDecimalSeparator": "," },
            "subName": "100 g - € 19,90/kg",
            "productImage": "assets/4-1115.png?w=300&h=230&ar=1.3043478260869565",
            "available": false,
            "highlights": [],
            "unitType": "a confezione",
            "categoryId": 14839,
            "categoryName": "Cioccolato",
            "categorySlug": "cioccolato",
            "position": 84,
            "id": "661826e1-3924-4a77-86af-1914ac1f3abc"
          },
          {
            "brandText": "REGIONE CHE VAI",
            "name": "CARAMELLE RIPIENE",
            "description": "gusti vari",
            "price": { "discounted": "1,19", "priceDecimalSeparator": ",", "discountDecimalSeparator": "," },
            "subName": "100 g - € 11,90/kg",
            "productImage": "assets/5-993.png?w=300&h=193&ar=1.5544041450777202",
            "available": false,
            "highlights": [],
            "unitType": "a confezione",
            "categoryId": 14493,
            "categoryName": "Caramelle",
            "categorySlug": "caramelle",
            "position": 85,
            "id": "661826e2-4ab8-4e35-9480-0d7dac1f3abc"
          },
          {
            "brandText": "REGIONE CHE VAI",
            "name": "ERBAZZONE REGGIANO",
            "description": "",
            "price": { "discounted": "2,79", "priceDecimalSeparator": ",", "discountDecimalSeparator": "," },
            "subName": "500 g - € 5,58/kg",
            "productImage": "assets/6-922.png?w=300&h=175&ar=1.7142857142857142",
            "specs": [{ "src": "assets/surgelato-1.png?w=81&h=100&ar=0.81", "size": "large" }],
            "available": false,
            "highlights": [],
            "unitType": "a confezione",
            "categoryId": 14654,
            "categoryName": "Surgelati",
            "categorySlug": "surgelati",
            "position": 86,
            "id": "661826e2-f5f0-4e04-aa11-17a6ac1f3abc"
          },
          {
            "brandText": "REGIONE CHE VAI",
            "name": "FARINATA DI CECI",
            "description": "",
            "price": { "discounted": "2,39", "priceDecimalSeparator": ",", "discountDecimalSeparator": "," },
            "subName": "320 g - € 7,47/kg",
            "productImage": "assets/7-839.png?w=300&h=208&ar=1.4423076923076923",
            "specs": [{ "src": "assets/surgelato-1.png?w=81&h=100&ar=0.81", "size": "large" }],
            "available": false,
            "highlights": [],
            "unitType": "a confezione",
            "categoryId": 14749,
            "categoryName": "Farina",
            "categorySlug": "farina",
            "position": 87,
            "id": "661826e3-f2a4-41fb-83c7-1940ac1f3abc"
          },
          {
            "brandText": "REGIONE CHE VAI",
            "name": "GELATO CON NOCCIOLA DEL PIEMONTE IGP",
            "description": "",
            "price": { "discounted": "1,79", "priceDecimalSeparator": ",", "discountDecimalSeparator": "," },
            "subName": "265 g - € 6,75/kg",
            "productImage": "assets/8-775.png?w=214&h=300&ar=0.7133333333333334",
            "specs": [{ "src": "assets/surgelato-1.png?w=81&h=100&ar=0.81", "size": "large" }],
            "available": false,
            "highlights": [],
            "unitType": "a confezione",
            "categoryId": 14672,
            "categoryName": "Gelato",
            "categorySlug": "gelato",
            "position": 88,
            "id": "661826e3-3d0c-4102-a538-2c71ac1f5aa6"
          }
        ],
        "id": "dispensa_1712319552566_4020"
      },
      {
        "name": "",
        "backgroundPattern": "assets/backgroundsaporialdi.png?w=768&h=3000&ar=0.256",
        "products": [
          {
            "name": "BANNER",
            "type": "image",
            "tracking": true,
            "modifier": "wide",
            "props": {
              "src": "assets/bannersaporidalmondoaldi.png?w=768&h=187&ar=4.106951871657754",
              "modifier": "wide",
              "ctaUrl": ""
            },
            "position": 89
          },
          {
            "brandText": "TESOROS DEL SUR",
            "name": "TORTILLA",
            "description": "cipolla/senza cipolla",
            "price": { "discounted": "2,99", "priceDecimalSeparator": ",", "discountDecimalSeparator": "," },
            "subName": "500 g - € 5,98/kg",
            "productImage": "assets/1-8454.png?w=300&h=210&ar=1.4285714285714286",
            "specs": [{ "src": "assets/banco_frigo.png?w=98&h=100&ar=0.98", "size": "large" }],
            "available": false,
            "highlights": [],
            "unitType": "a confezione",
            "categoryId": 14473,
            "categoryName": "Snack",
            "categorySlug": "snack",
            "position": 90,
            "id": "661826e3-8314-4d48-9ad3-174dac1f3abc"
          },
          {
            "brandText": "TESOROS DEL SUR",
            "name": "TORTILLA WRAPS MEXICO",
            "description": "mais/peperoncino",
            "price": { "discounted": "1,49", "priceDecimalSeparator": ",", "discountDecimalSeparator": "," },
            "subName": "370 g - € 4,03/kg",
            "productImage": "assets/2-1443.png?w=300&h=232&ar=1.293103448275862",
            "available": false,
            "highlights": [],
            "categoryId": 14369,
            "categoryName": "Alimenti",
            "categorySlug": "alimenti",
            "position": 91,
            "id": "661826e4-25a8-47e8-a6e3-1940ac1f3abc"
          },
          {
            "brandText": "BBQ",
            "name": "MAIS MIX",
            "description": "• mix olive e mais<br/>• mix texano<br/>• mix messicano",
            "price": { "discounted": "1,29", "priceDecimalSeparator": ",", "discountDecimalSeparator": "," },
            "subName": "300 g - € 4,87/kg sgocc.",
            "productImage": "assets/3-1228.png?w=300&h=197&ar=1.5228426395939085",
            "available": false,
            "highlights": [],
            "unitType": "a lattina",
            "categoryId": 14433,
            "categoryName": "Mais",
            "categorySlug": "mais",
            "position": 92,
            "id": "661826e4-56e8-44cf-8ebe-16b0ac1f3abc"
          },
          {
            "brandText": "BBQ",
            "name": "CRAUTI EXPRESS",
            "description": "gusti vari ",
            "price": { "discounted": "1,49", "priceDecimalSeparator": ",", "discountDecimalSeparator": "," },
            "subName": "400 g - € 3,73/kg",
            "productImage": "assets/5-994.png?w=300&h=279&ar=1.075268817204301",
            "available": false,
            "highlights": [],
            "unitType": "a confezione",
            "categoryId": 14641,
            "categoryName": "Cibi pronti",
            "categorySlug": "cibi-pronti",
            "position": 93,
            "id": "661826e4-1a4c-45c0-95ab-2d2cac1f5aa6"
          },
          {
            "brandText": "BON APPETIT",
            "name": "TAPENADE DI OLIVE NERE",
            "description": "",
            "price": { "discounted": "1,49", "priceDecimalSeparator": ",", "discountDecimalSeparator": "," },
            "subName": "190 g - € 7,84/kg",
            "productImage": "assets/6-923.png?w=155&h=300&ar=0.5166666666666667",
            "available": false,
            "highlights": [],
            "unitType": "a vasetto",
            "categoryId": 14711,
            "categoryName": "Salsa",
            "categorySlug": "salsa",
            "position": 94,
            "id": "661826e5-df28-47e5-96cf-17acac1f3abc"
          },
          {
            "brandText": "LE GUSTO",
            "name": "SALSA OLANDESE",
            "description": "regular/light",
            "price": { "discounted": "1,29", "priceDecimalSeparator": ",", "discountDecimalSeparator": "," },
            "subName": "305 g - € 4,23/kg",
            "productImage": "assets/7-840.png?w=300&h=234&ar=1.2820512820512822",
            "available": false,
            "highlights": [],
            "unitType": "a confezione",
            "categoryId": 13429,
            "categoryName": "Piante",
            "categorySlug": "piante",
            "position": 95,
            "id": "661826e5-1f54-4300-91e3-2deaac1f5aa6"
          },
          {
            "brandText": "PAN DEL DÌ",
            "name": "ROLLS CON POLLO GYROS E TZATZIKI",
            "description": "",
            "price": { "discounted": "1,29", "priceDecimalSeparator": ",", "discountDecimalSeparator": "," },
            "subName": "90 g - € 14,33/kg",
            "productImage": "assets/9-714.png?w=300&h=200&ar=1.5",
            "specs": [{ "src": "assets/1-1075.png?w=129&h=100&ar=1.29", "size": "large" }],
            "available": false,
            "highlights": [],
            "unitType": "a confezione",
            "categoryId": 14369,
            "categoryName": "Alimenti",
            "categorySlug": "alimenti",
            "position": 96,
            "id": "661826e5-9b14-4b31-9b83-2d64ac1f5aa6"
          },
          {
            "brandText": "LYTTOS",
            "name": "OLIVE GRECHE RIPIENE",
            "description": "gusti vari",
            "price": { "discounted": "1,79", "priceDecimalSeparator": ",", "discountDecimalSeparator": "," },
            "subName": "350 g - € 8,95/kg sgocc.",
            "productImage": "assets/10-671.png?w=300&h=288&ar=1.0416666666666667",
            "available": false,
            "highlights": [],
            "unitType": "a vasetto",
            "categoryId": 14482,
            "categoryName": "Olive",
            "categorySlug": "olive",
            "position": 97,
            "id": "661826e6-0058-4dfc-be47-2db3ac1f5aa6"
          },
          {
            "brandText": "JUI-SI",
            "name": "SNACK GRECI",
            "description": "mini rolls spinaci e formaggio/fagottini con Feta DOP",
            "price": { "discounted": "2,29", "priceDecimalSeparator": ",", "discountDecimalSeparator": "," },
            "subName": "450 g - € 5,09/kg",
            "productImage": "assets/12-547.png?w=300&h=247&ar=1.214574898785425",
            "specs": [{ "src": "assets/surgelato-1.png?w=81&h=100&ar=0.81", "size": "large" }],
            "available": false,
            "highlights": [],
            "unitType": "a confezione",
            "hide": false,
            "modifier": "wide",
            "subModifier": "default",
            "productMultiImages": [],
            "categorySlug": "snack",
            "categoryName": "Snack",
            "hideBottomLine": false,
            "bundleInfo": {},
            "timing": { "create": "5/4/2024, 14:29:54", "update": "5/4/2024, 14:29:54" },
            "categoryId": 14473,
            "position": 98,
            "id": "661826e6-2af4-450a-9a29-185eac1f3abc"
          },
          {
            "brandText": "LYTTOS",
            "name": "BOUGATSA",
            "description": "",
            "price": { "discounted": "3,99", "priceDecimalSeparator": ",", "discountDecimalSeparator": "," },
            "subName": "862 g - € 4,63/kg",
            "productImage": "assets/13-477.png?w=300&h=208&ar=1.4423076923076923",
            "specs": [{ "src": "assets/surgelato-1.png?w=81&h=100&ar=0.81", "size": "large" }],
            "available": false,
            "highlights": [],
            "unitType": "a confezione",
            "categoryId": 14369,
            "categoryName": "Alimenti",
            "categorySlug": "alimenti",
            "position": 99,
            "id": "661826e6-67fc-41ed-abd3-2df7ac1f5aa6"
          },
          {
            "brandText": "GOOD CHOICE",
            "name": "CURRY ASIATICO",
            "description": "diverse varianti disponibili ",
            "price": { "discounted": "2,99", "priceDecimalSeparator": ",", "discountDecimalSeparator": "," },
            "subName": "400 g - € 7,48/kg",
            "productImage": "assets/4-1116.png?w=227&h=300&ar=0.7566666666666667",
            "specs": [{ "src": "assets/banco_frigo.png?w=98&h=100&ar=0.98", "size": "large" }],
            "available": false,
            "highlights": [],
            "unitType": "a confezione",
            "categoryId": 14641,
            "categoryName": "Cibi pronti",
            "categorySlug": "cibi-pronti",
            "position": 100,
            "id": "661826e7-ab20-42b4-b99b-18c3ac1f3abc"
          },
          {
            "brandText": "ASIA GREEN GARDEN",
            "name": "VERDURE ASIATICHE",
            "description": "gusti vari ",
            "price": { "discounted": "0,99", "priceDecimalSeparator": ",", "discountDecimalSeparator": "," },
            "subName": "370/330 g - € 5,50/kg sgocc.",
            "productImage": "assets/8-776.png?w=300&h=262&ar=1.1450381679389312",
            "available": false,
            "highlights": [],
            "unitType": "a vasetto",
            "categoryId": 14703,
            "categoryName": "Olio",
            "categorySlug": "olio",
            "position": 101,
            "id": "661826e7-a598-477c-8512-2de9ac1f5aa6"
          },
          {
            "brandText": "ASIA GREEN GARDEN",
            "name": "RAVIOLI GYOZA",
            "description": "con carne di maiale e verdure/con verdure ",
            "price": { "discounted": "2,79", "priceDecimalSeparator": ",", "discountDecimalSeparator": "," },
            "subName": "400 g - € 6,98/kg",
            "productImage": "assets/14-438.png?w=300&h=254&ar=1.1811023622047243",
            "specs": [{ "src": "assets/surgelato-1.png?w=81&h=100&ar=0.81", "size": "large" }],
            "available": false,
            "highlights": [],
            "unitType": "a confezione",
            "categoryId": 14874,
            "categoryName": "Ravioli",
            "categorySlug": "ravioli",
            "position": 102,
            "id": "661826e7-aca8-4958-8826-2db3ac1f5aa6"
          }
        ],
        "id": "1712319552566_8389"
      },
      {
        "name": "",
        "products": [
          {
            "brandText": "SOIGNON",
            "name": "TRONCHETTO DI CAPRA",
            "description": "",
            "price": { "discounted": "2,49", "priceDecimalSeparator": ",", "discountDecimalSeparator": "," },
            "subName": "180 g - € 13,83/kg",
            "productImage": "assets/1-8456.png?w=300&h=102&ar=2.9411764705882355",
            "available": false,
            "highlights": [],
            "unitType": "al pezzo",
            "categoryId": 14529,
            "categoryName": "Formaggio",
            "categorySlug": "formaggio",
            "position": 103,
            "id": "661826e8-fd68-49c4-99a2-1838ac1f3abc"
          },
          {
            "brandText": "MANGIAR BENE RIZZOLI",
            "name": "FILETTI DI SGOMBRO AFFUMICATO",
            "description": "",
            "price": { "discounted": "1,69", "priceDecimalSeparator": ",", "discountDecimalSeparator": "," },
            "subName": "90 g - € 1,88/100 g",
            "productImage": "assets/2-1445.png?w=300&h=174&ar=1.7241379310344827",
            "available": false,
            "highlights": [],
            "unitType": "a confezione",
            "categoryId": 14905,
            "categoryName": "Sgombro",
            "categorySlug": "sgombro",
            "position": 104,
            "id": "661826e8-e538-467f-ab1f-185cac1f3abc"
          },
          {
            "brandText": "ALMARE SEAFOOD",
            "name": "SALMONE NORVEGESE SNACK",
            "description": "affumicato",
            "price": { "discounted": "1,49", "priceDecimalSeparator": ",", "discountDecimalSeparator": "," },
            "subName": "50 g - € 29,80/kg",
            "productImage": "assets/3-1230.png?w=190&h=300&ar=0.6333333333333333",
            "specs": [
              { "src": "assets/banco_frigo.png?w=98&h=100&ar=0.98", "size": "large" },
              { "src": "assets/ggngiallo.png?w=60&h=100&ar=0.6", "size": "large" }
            ],
            "available": false,
            "highlights": [],
            "unitType": "a confezione",
            "categoryId": 14912,
            "categoryName": "Salmone",
            "categorySlug": "salmone",
            "position": 105,
            "id": "661826e8-138c-46ad-bb5d-1838ac1f3abc"
          },
          {
            "brandText": "GOURMET",
            "name": "SPRATTI",
            "description": "• al limone e timo<br/>• all’olio d’oliva<br/>• al tartufo",
            "price": { "discounted": "1,59", "priceDecimalSeparator": ",", "discountDecimalSeparator": "," },
            "subName": "120 g - € 13,25/kg",
            "productImage": "assets/4-1118.png?w=300&h=215&ar=1.3953488372093024",
            "specs": [{ "src": "assets/mscorizzontale.png?w=141&h=60&ar=2.35", "size": "large" }],
            "available": false,
            "highlights": [],
            "unitType": "a confezione",
            "categoryId": 15220,
            "categoryName": "Sgrassatore",
            "categorySlug": "sgrassatore",
            "position": 106,
            "id": "661826e9-2d40-4a84-b6cc-2db3ac1f5aa6"
          },
          {
            "brandText": "RIO MARE",
            "name": "INSALATISSIME",
            "description": "• messicana<br/>• mais<br/>• fagioli",
            "price": { "discounted": "4,99", "priceDecimalSeparator": ",", "discountDecimalSeparator": "," },
            "subName": "2 x 160 g - € 15,59/kg",
            "productImage": "assets/5-996.png?w=300&h=257&ar=1.1673151750972763",
            "specs": [{ "src": "assets/mscorizzontale.png?w=141&h=60&ar=2.35", "size": "large" }],
            "available": false,
            "highlights": [],
            "unitType": "a confezione",
            "categoryId": 14692,
            "categoryName": "Insalatissime Rio Mare",
            "categorySlug": "insalatissime-rio-mare",
            "position": 107,
            "id": "661826e9-d0f0-4104-aadf-18c2ac1f3abc"
          },
          {
            "brandText": "CIRIO",
            "name": "SALSA PRONTA DATTERINO DI PUGLIA",
            "description": "",
            "price": { "discounted": "1,19", "priceDecimalSeparator": ",", "discountDecimalSeparator": "," },
            "subName": "350 g - € 3,40/kg",
            "productImage": "assets/6-925.png?w=118&h=300&ar=0.3933333333333333",
            "available": false,
            "highlights": [],
            "unitType": "al pezzo ",
            "categoryId": 14699,
            "categoryName": "Passata di pomodoro",
            "categorySlug": "passata-di-pomodoro",
            "position": 108,
            "id": "661826e9-a73c-44a1-8d54-185cac1f3abc"
          },
          {
            "brandText": "DAIS",
            "name": "CROISSANT AL CIOCCOLATO DI MODICA IGP",
            "description": "",
            "price": { "discounted": "2,29", "priceDecimalSeparator": ",", "discountDecimalSeparator": "," },
            "subName": "300 g - € 7,63/kg",
            "productImage": "assets/7-842.png?w=191&h=300&ar=0.6366666666666667",
            "available": false,
            "highlights": [],
            "unitType": "a confezione",
            "categoryId": 14839,
            "categoryName": "Cioccolato",
            "categorySlug": "cioccolato",
            "position": 109,
            "id": "661826ea-1654-4599-a53b-2de9ac1f5aa6"
          },
          {
            "brandText": "rigoni di asiago",
            "name": "NOCCIOLATA BIO",
            "description": "",
            "price": { "discounted": "6,99", "priceDecimalSeparator": ",", "discountDecimalSeparator": "," },
            "subName": "650 g - € 10,75/kg",
            "productImage": "assets/8-778.png?w=163&h=300&ar=0.5433333333333333",
            "available": false,
            "highlights": [],
            "unitType": "a vasetto",
            "categoryId": 14783,
            "categoryName": "Crema al cioccolato",
            "categorySlug": "crema-al-cioccolato",
            "position": 110,
            "id": "661826ea-e044-46bd-b06c-17beac1f3abc"
          },
          {
            "brandText": "CEREALITALIA",
            "name": "BARRETTA MULTICEREALI",
            "description": "con cioccolato fondente",
            "price": { "discounted": "1,69", "priceDecimalSeparator": ",", "discountDecimalSeparator": "," },
            "subName": "126 g - € 13,41/kg",
            "productImage": "assets/9-716.png?w=300&h=269&ar=1.1152416356877324",
            "available": false,
            "highlights": [],
            "unitType": "a confezione",
            "categoryId": 14754,
            "categoryName": "Pane",
            "categorySlug": "pane",
            "position": 111,
            "id": "661826ea-4f08-40a4-bdb3-185bac1f3abc"
          },
          {
            "brandText": "CARRARO",
            "name": "CAPSULE CAFFÈ BRASILE",
            "description": "• compatibili Nespresso<br/>• 10 pezzi",
            "price": { "discounted": "1,69", "priceDecimalSeparator": ",", "discountDecimalSeparator": "," },
            "subName": "€ 0,17/pezzo",
            "productImage": "assets/10-673.png?w=163&h=300&ar=0.5433333333333333",
            "specs": [{ "src": "assets/1-1768.png?w=100&h=100&ar=1", "size": "large" }],
            "available": false,
            "highlights": [],
            "unitType": "a confezione",
            "categoryId": 14762,
            "categoryName": "Caffè",
            "categorySlug": "caffe",
            "position": 112,
            "id": "661826eb-53fc-45fe-810b-185cac1f3abc"
          },
          {
            "brandText": "LAVAZZA",
            "name": "SUERTE",
            "description": "",
            "price": { "discounted": "3,99", "priceDecimalSeparator": ",", "discountDecimalSeparator": "," },
            "subName": "2 x 250 g - € 7,98/kg",
            "productImage": "assets/11-605.png?w=300&h=282&ar=1.0638297872340425",
            "available": false,
            "highlights": [],
            "unitType": "a confezione",
            "categoryId": 14762,
            "categoryName": "Caffè",
            "categorySlug": "caffe",
            "position": 113,
            "hide": false,
            "modifier": "cell",
            "subModifier": "default",
            "productMultiImages": [],
            "hideBottomLine": false,
            "bundleInfo": {},
            "timing": { "create": "8/4/2024, 10:23:24", "update": "8/4/2024, 10:23:24" },
            "id": "661826ec-532c-43cd-969a-17beac1f3abc"
          },
          {
            "brandText": "BBQ",
            "name": "PANE DA FARCIRE",
            "description": "",
            "price": { "discounted": "1,99", "priceDecimalSeparator": ",", "discountDecimalSeparator": "," },
            "subName": "320 g - € 6,22/kg",
            "productImage": "assets/12-549.png?w=300&h=199&ar=1.5075376884422111",
            "available": false,
            "highlights": [],
            "unitType": "a confezione",
            "categoryId": 14573,
            "categoryName": "Involtini",
            "categorySlug": "involtini",
            "position": 114,
            "id": "661826ec-ba2c-4d4c-8dca-2c58ac1f5aa6"
          },
          {
            "brandText": "SAN BERNARDO",
            "name": "ACQUA FRIZZANTE",
            "description": "",
            "price": { "discounted": "2,19", "priceDecimalSeparator": ",", "discountDecimalSeparator": "," },
            "subName": "6 x 1,5 l - € 0,24/litro",
            "productImage": "assets/13-479.png?w=233&h=300&ar=0.7766666666666666",
            "available": false,
            "highlights": [],
            "unitType": "a confezione",
            "categoryId": 14939,
            "categoryName": "Acqua",
            "categorySlug": "acqua",
            "position": 115,
            "id": "661826ed-ceb4-4c6b-b129-1624ac1f3abc"
          },
          {
            "brandText": "VITASNELLA",
            "name": "LE LINFE",
            "description": "• acqua di cocco\n• aloe vera\n• linfa di betulla",
            "price": { "discounted": "0,99", "priceDecimalSeparator": ",", "discountDecimalSeparator": "," },
            "subName": "500 ml - € 1,98/litro",
            "productImage": "assets/14-440.png?w=145&h=300&ar=0.48333333333333334",
            "available": false,
            "highlights": [],
            "unitType": "a bottiglia",
            "categoryId": 14939,
            "categoryName": "Acqua",
            "categorySlug": "acqua",
            "position": 116,
            "hide": false,
            "modifier": "cell",
            "subModifier": "default",
            "productMultiImages": [],
            "hideBottomLine": false,
            "bundleInfo": {},
            "timing": { "create": "8/4/2024, 10:24:05", "update": "8/4/2024, 10:24:05" },
            "id": "661826ed-57fc-4142-b076-2e10ac1f5aa6"
          },
          {
            "brandText": "SAN BENEDETTO",
            "name": "BEVANDA ENERGETICA",
            "description": "Fruit & Power",
            "price": { "discounted": "0,99", "priceDecimalSeparator": ",", "discountDecimalSeparator": "," },
            "subName": "400 ml - € 2,48/litro",
            "productImage": "assets/15-388.png?w=84&h=300&ar=0.28",
            "available": false,
            "highlights": [],
            "unitType": "a bottiglia",
            "categoryId": 15017,
            "categoryName": "Bevande analcoliche",
            "categorySlug": "bevande-analcoliche",
            "position": 117,
            "id": "661826ed-3a00-41b2-a80c-17beac1f3abc"
          },
          {
            "brandText": "SAN PELLEGRINO ",
            "name": "COCKTAIL",
            "description": "",
            "price": { "discounted": "0,99", "priceDecimalSeparator": ",", "discountDecimalSeparator": "," },
            "subName": "1,2 l - € 0,83/litro",
            "productImage": "assets/16-338.png?w=79&h=300&ar=0.2633333333333333",
            "available": false,
            "highlights": [],
            "unitType": "a bottiglia",
            "categoryId": 14938,
            "categoryName": "Bibite",
            "categorySlug": "bibite",
            "position": 118,
            "id": "661826ee-fd84-4a16-a77e-2e10ac1f5aa6"
          },
          {
            "brandText": "SAN PELLEGRINO ",
            "name": "CHINÒ",
            "description": "",
            "price": { "discounted": "0,99", "priceDecimalSeparator": ",", "discountDecimalSeparator": "," },
            "subName": "1,2 l - € 0,83/litro",
            "productImage": "assets/17-297.png?w=79&h=300&ar=0.2633333333333333",
            "available": false,
            "highlights": [],
            "unitType": "a bottiglia",
            "categoryId": 15021,
            "categoryName": "Aranciata",
            "categorySlug": "aranciata",
            "position": 119,
            "id": "661826ee-1cf0-4189-9698-1917ac1f3abc"
          },
          {
            "brandText": "PERONI",
            "name": "BIRRA",
            "description": "4,7% vol.",
            "price": { "discounted": "0,85", "priceDecimalSeparator": ",", "discountDecimalSeparator": "," },
            "subName": "500 ml - € 1,70/litro",
            "productImage": "assets/18-258.png?w=111&h=300&ar=0.37",
            "available": false,
            "highlights": [],
            "unitType": "a lattina",
            "categoryId": 14988,
            "categoryName": "Birra",
            "categorySlug": "birra",
            "position": 120,
            "id": "661826ee-5d98-44a4-a60b-2d1aac1f5aa6"
          },
          {
            "brandText": "TUBORG",
            "name": "BIRRA",
            "description": "5% vol.",
            "price": { "discounted": "2,69", "priceDecimalSeparator": ",", "discountDecimalSeparator": "," },
            "subName": "4 x 330 ml - € 2,04/litro",
            "productImage": "assets/19-186.png?w=300&h=300&ar=1",
            "available": false,
            "highlights": [],
            "unitType": "a confezione",
            "categoryId": 14988,
            "categoryName": "Birra",
            "categorySlug": "birra",
            "position": 121,
            "id": "661826ef-b48c-4acf-9dc3-1624ac1f3abc"
          },
          {
            "brandText": "TERRE DI BENTIVOGLIO",
            "name": "RIESLING SPUMANTE BRUT",
            "description": "",
            "price": { "discounted": "3,49", "priceDecimalSeparator": ",", "discountDecimalSeparator": "," },
            "subName": "750 ml - € 4,65/litro",
            "productImage": "assets/20-151.png?w=116&h=300&ar=0.38666666666666666",
            "available": false,
            "highlights": [],
            "unitType": "a bottiglia",
            "categoryId": 14959,
            "categoryName": "Spumante",
            "categorySlug": "spumante",
            "position": 122,
            "id": "661826ef-0b70-4158-a8e6-285fac1f5aa6"
          }
        ],
        "id": "1712319552566_5609"
      },
      {
        "name": "",
        "products": [
          {
            "name": "BANNER",
            "type": "image",
            "tracking": true,
            "modifier": "wide",
            "props": {
              "src": "assets/ribassatidalnostroassortimento_banner.jpg?w=768&h=438&ar=1.7534246575342465",
              "modifier": "wide",
              "ctaUrl": ""
            },
            "position": 123
          },
          {
            "brandText": "DESIRA",
            "name": "BURRO",
            "description": "",
            "price": {
              "full": "2,19",
              "discounted": "1,99",
              "priceDecimalSeparator": ",",
              "discountDecimalSeparator": ","
            },
            "subName": "250 g - € 7,96/kg",
            "productImage": "assets/1-8455.png?w=300&h=199&ar=1.5075376884422111",
            "available": false,
            "highlights": [],
            "unitType": "al pezzo",
            "categoryId": 14508,
            "categoryName": "Burro",
            "categorySlug": "burro",
            "position": 124,
            "id": "661826ef-57a4-4049-9b61-1624ac1f3abc"
          },
          {
            "brandText": "HOFBURGER",
            "name": "EMMENTAL A FETTE",
            "description": "",
            "price": {
              "full": "2,49",
              "discounted": "2,29",
              "priceDecimalSeparator": ",",
              "discountDecimalSeparator": ","
            },
            "subName": "250 g - € 9,16/kg",
            "productImage": "assets/2-1444.png?w=183&h=300&ar=0.61",
            "available": false,
            "highlights": [],
            "unitType": "al pezzo ",
            "categoryId": 14561,
            "categoryName": "Emmental",
            "categorySlug": "emmental",
            "position": 125,
            "id": "661826f0-2b7c-44a6-a437-1799ac1f3abc"
          },
          {
            "brandText": "MILSANI",
            "name": "LATTE PARZIALMENTE SCREMATO UHT",
            "description": "",
            "price": {
              "full": "0,95",
              "discounted": "0,89",
              "priceDecimalSeparator": ",",
              "discountDecimalSeparator": ","
            },
            "subName": "1 l",
            "productImage": "assets/3-1229.png?w=152&h=300&ar=0.5066666666666667",
            "available": false,
            "highlights": [],
            "unitType": "al pezzo",
            "categoryId": 14520,
            "categoryName": "Latte",
            "categorySlug": "latte",
            "position": 126,
            "id": "661826f0-a360-43f7-b428-2c14ac1f5aa6"
          },
          {
            "brandText": "MILSANI",
            "name": "LATTE INTERO UHT",
            "description": "",
            "price": {
              "full": "1,05",
              "discounted": "0,99",
              "priceDecimalSeparator": ",",
              "discountDecimalSeparator": ","
            },
            "subName": "1 l",
            "productImage": "assets/4-1117.png?w=153&h=300&ar=0.51",
            "available": false,
            "highlights": [],
            "unitType": "al pezzo",
            "categoryId": 14520,
            "categoryName": "Latte",
            "categorySlug": "latte",
            "position": 127,
            "id": "661826f0-6148-43c7-803a-1826ac1f3abc"
          },
          {
            "brandText": "MILSANI",
            "name": "FORMAGGIO FUSO A FETTE CON CHEDDAR",
            "description": "",
            "price": {
              "full": "1,19",
              "discount": "-16%",
              "discounted": "0,99",
              "priceDecimalSeparator": ",",
              "discountDecimalSeparator": ","
            },
            "subName": "150 g - € 6,60/kg",
            "productImage": "assets/5-995.png?w=300&h=245&ar=1.2244897959183674",
            "available": false,
            "highlights": [],
            "unitType": "a confezione",
            "categoryId": 14529,
            "categoryName": "Formaggio",
            "categorySlug": "formaggio",
            "position": 128,
            "id": "661826f1-db00-4fcf-9962-2e51ac1f5aa6"
          },
          {
            "brandText": "REGIONE CHE VAI",
            "name": "PROSCIUTTO CRUDO DI SAN DANIELE DOP",
            "description": "",
            "price": {
              "full": "3,19",
              "discounted": "2,99",
              "priceDecimalSeparator": ",",
              "discountDecimalSeparator": ","
            },
            "subName": "90 g - € 33,22/kg",
            "productImage": "assets/6-924.png?w=300&h=256&ar=1.171875",
            "specs": [
              { "src": "assets/100_carne_italiana.png?w=100&h=100&ar=1", "size": "large" },
              { "src": "assets/1-1047.png?w=100&h=100&ar=1", "size": "large" }
            ],
            "available": false,
            "highlights": [],
            "selectedBadge": "flag_ita",
            "unitType": "a confezione",
            "categoryId": 14637,
            "categoryName": "Prosciutto San Daniele",
            "categorySlug": "prosciutto-san-daniele",
            "position": 129,
            "id": "661826f1-c4a8-40f6-9ee6-2b76ac1f5aa6"
          },
          {
            "brandText": "BELLASAN",
            "name": "OLIO DI SEMI DI MAIS",
            "description": "",
            "price": {
              "full": "2,19",
              "discount": "-13%",
              "discounted": "1,89",
              "priceDecimalSeparator": ",",
              "discountDecimalSeparator": ","
            },
            "subName": "1 l",
            "productImage": "assets/7-841.png?w=85&h=300&ar=0.2833333333333333",
            "available": false,
            "highlights": [],
            "unitType": "a bottiglia",
            "categoryId": 14708,
            "categoryName": "Olio di semi",
            "categorySlug": "olio-di-semi",
            "position": 130,
            "id": "661826f1-ad48-4123-b5e5-16f5ac1f3abc"
          },
          {
            "brandText": "HAPPY HARVEST",
            "name": "RISO BASMATI",
            "description": "",
            "price": {
              "full": "2,89",
              "discount": "-13%",
              "discounted": "2,49",
              "priceDecimalSeparator": ",",
              "discountDecimalSeparator": ","
            },
            "subName": "1 kg",
            "productImage": "assets/8-777.png?w=175&h=300&ar=0.5833333333333334",
            "available": false,
            "highlights": [],
            "unitType": "a confezione ",
            "categoryId": 14887,
            "categoryName": "Riso",
            "categorySlug": "riso",
            "position": 131,
            "id": "661826f1-b708-4c99-84ba-2e45ac1f5aa6"
          },
          {
            "brandText": "REGIONE CHE VAI",
            "name": "ORECCHIETTE",
            "description": "",
            "price": {
              "full": "1,29",
              "discount": "-23%",
              "discounted": "0,99",
              "priceDecimalSeparator": ",",
              "discountDecimalSeparator": ","
            },
            "subName": "500 g - € 1,98/kg",
            "productImage": "assets/9-715.png?w=140&h=300&ar=0.4666666666666667",
            "specs": [{ "src": "assets/1-1056.png?w=100&h=100&ar=1", "size": "large" }],
            "available": false,
            "highlights": [],
            "selectedBadge": "flag_ita",
            "unitType": "a confezione",
            "categoryId": 14864,
            "categoryName": "Pasta",
            "categorySlug": "pasta",
            "position": 132,
            "id": "661826f2-9e44-4727-84c6-2ad4ac1f5aa6"
          },
          {
            "name": "PANINO AL CIOCCOLATO",
            "description": "",
            "price": {
              "full": "0,39",
              "discount": "-10%",
              "discounted": "0,35",
              "priceDecimalSeparator": ",",
              "discountDecimalSeparator": ","
            },
            "subName": "63 g - € 5,56/kg",
            "productImage": "assets/10-672.png?w=256&h=300&ar=0.8533333333333334",
            "available": false,
            "highlights": [],
            "unitType": "al pezzo",
            "categoryId": 16183,
            "categoryName": "Panini",
            "categorySlug": "panini",
            "position": 133,
            "id": "661826f2-9308-4ab1-8d88-1762ac1f3abc"
          },
          {
            "brandText": "SNACK FUN",
            "name": "PISTACCHI",
            "description": "tostati e salati/tostati e non salati",
            "price": {
              "full": "3,99",
              "discounted": "3,69",
              "priceDecimalSeparator": ",",
              "discountDecimalSeparator": ","
            },
            "subName": "250 g - € 14,76/kg",
            "productImage": "assets/12-548.png?w=692&h=572&ar=1.2097902097902098",
            "available": false,
            "highlights": [],
            "unitType": "a confezione ",
            "categoryId": 14403,
            "categoryName": "Frutta secca",
            "categorySlug": "frutta-secca",
            "position": 134,
            "id": "661826f3-2c88-492f-9dd9-2ad4ac1f5aa6"
          },
          {
            "brandText": "SNACK FUN",
            "name": "PATATINE CLASSICHE",
            "description": "",
            "price": {
              "full": "1,39",
              "discounted": "1,29",
              "priceDecimalSeparator": ",",
              "discountDecimalSeparator": ","
            },
            "subName": "300 g - € 4,30/kg",
            "productImage": "assets/13-478.png?w=541&h=715&ar=0.7566433566433567",
            "available": false,
            "highlights": [],
            "unitType": "a confezione",
            "categoryId": 14487,
            "categoryName": "Patatine fritte",
            "categorySlug": "patatine-fritte",
            "position": 135,
            "id": "661826f4-90f8-44e6-b71c-17a6ac1f3abc"
          },
          {
            "brandText": "HOLA!",
            "name": "PAELLA",
            "description": "",
            "price": {
              "full": "3,49",
              "discounted": "3,19",
              "priceDecimalSeparator": ",",
              "discountDecimalSeparator": ","
            },
            "subName": "600 g - € 5,32/kg",
            "productImage": "assets/14-439.png?w=300&h=251&ar=1.1952191235059761",
            "specs": [{ "src": "assets/surgelato-1.png?w=81&h=100&ar=0.81", "size": "large" }],
            "available": false,
            "highlights": [],
            "unitType": "a confezione",
            "categoryId": 14641,
            "categoryName": "Cibi pronti",
            "categorySlug": "cibi-pronti",
            "position": 136,
            "id": "661826f5-31b0-41cf-9bef-174dac1f3abc"
          },
          {
            "name": "FISH FINGERS MSC ",
            "description": "bastoncini di pesce impanati ",
            "price": {
              "full": "2,39",
              "discounted": "2,25",
              "priceDecimalSeparator": ",",
              "discountDecimalSeparator": ","
            },
            "subName": "450 g - € 5,00/kg",
            "productImage": "assets/15-387.png?w=1020&h=305&ar=3.3442622950819674",
            "specs": [
              { "src": "assets/mscorizzontale.png?w=141&h=60&ar=2.35", "size": "large" },
              { "src": "assets/surgelato-1.png?w=81&h=100&ar=0.81", "size": "large" }
            ],
            "available": false,
            "highlights": [],
            "unitType": "a confezione",
            "categoryId": 14654,
            "categoryName": "Surgelati",
            "categorySlug": "surgelati",
            "position": 137,
            "id": "661826f6-e918-432b-9d0c-1941ac1f3abc"
          },
          {
            "brandText": "I COLORI DEL SAPORE",
            "name": "FAGIOLINI FINISSIMI",
            "description": "",
            "price": {
              "full": "1,49",
              "discount": "-13%",
              "discounted": "1,29",
              "priceDecimalSeparator": ",",
              "discountDecimalSeparator": ","
            },
            "subName": "600 g - € 2,15/kg",
            "productImage": "assets/16-337.png?w=786&h=536&ar=1.4664179104477613",
            "specs": [
              { "src": "assets/surgelato-1.png?w=81&h=100&ar=0.81", "size": "large" },
              { "src": "assets/it_2023_14_wop_00_02-03-1.png?w=107&h=100&ar=1.07", "size": "large" }
            ],
            "available": false,
            "highlights": [],
            "selectedBadge": "flag_ita",
            "unitType": "a confezione",
            "categoryId": 16186,
            "categoryName": "Fagiolini",
            "categorySlug": "fagiolini",
            "position": 138,
            "id": "661826f6-965c-4572-bf99-285fac1f5aa6"
          },
          {
            "brandText": "DANTI",
            "name": "ASOLO PROSECCO DOCG",
            "description": "",
            "price": {
              "full": "5,49",
              "discounted": "4,99",
              "priceDecimalSeparator": ",",
              "discountDecimalSeparator": ","
            },
            "subName": "750 ml - € 6,65/litro",
            "productImage": "assets/17-296.png?w=299&h=657&ar=0.4550989345509893",
            "available": false,
            "highlights": [],
            "unitType": "a bottiglia",
            "categoryId": 14960,
            "categoryName": "Prosecco",
            "categorySlug": "prosecco",
            "position": 139,
            "id": "661826f6-dc60-4db7-a703-2b76ac1f5aa6"
          },
          {
            "brandText": "HEINEKEN",
            "name": "BIRRA LAGER",
            "description": "5% vol.",
            "price": {
              "full": "1,09",
              "discounted": "0,99",
              "priceDecimalSeparator": ",",
              "discountDecimalSeparator": ","
            },
            "subName": "400 ml - € 2,48/litro",
            "productImage": "assets/18-257.png?w=252&h=572&ar=0.4405594405594406",
            "available": false,
            "highlights": [],
            "unitType": "a bottiglia",
            "categoryId": 14988,
            "categoryName": "Birra",
            "categorySlug": "birra",
            "position": 140,
            "id": "661826f7-8dd4-43bd-be32-2d19ac1f5aa6"
          },
          {
            "brandText": "KOKETT",
            "name": "ASCIUGATUTTO",
            "description": "• 2 veli<br/>• 400 strappi",
            "price": {
              "full": "2,59",
              "discount": "-11%",
              "discounted": "2,29",
              "priceDecimalSeparator": ",",
              "discountDecimalSeparator": ","
            },
            "productImage": "assets/19-185.png?w=517&h=508&ar=1.0177165354330708",
            "available": false,
            "highlights": [],
            "unitType": "a confezione",
            "categoryId": 15117,
            "categoryName": "Rotoli di carta",
            "categorySlug": "rotoli-di-carta",
            "position": 141,
            "id": "661826f7-5018-4dd7-ae10-12afac1f3abc"
          }
        ],
        "id": "1712319552566_410"
      },
      {
        "name": "Per te e la casa Da Lunedì",
        "products": [
          {
            "brandText": "FELCE AZZURRA",
            "name": "AMMORBIDENTE CONCENTRATO",
            "description": "• classico<br/>• argan e vaniglia<br/>• pura freschezza<br/>• 41 lavaggi",
            "price": { "discounted": "1,99", "priceDecimalSeparator": ",", "discountDecimalSeparator": "," },
            "subName": "1,025 l - € 1,94/litro",
            "productImage": "assets/1-8457.png?w=168&h=300&ar=0.56",
            "available": false,
            "highlights": [],
            "categoryId": 15154,
            "categoryName": "Ammorbidente",
            "categorySlug": "ammorbidente",
            "position": 142,
            "id": "661826f7-4c9c-4c78-9a89-2b76ac1f5aa6"
          },
          {
            "brandText": "COCCOLATEVI",
            "name": "PROFUMO IGIENIZZANTE",
            "description": "• per bucato e pavimenti<br/>• disponibile in diverse varianti",
            "price": { "discounted": "2,99", "priceDecimalSeparator": ",", "discountDecimalSeparator": "," },
            "subName": "250 ml - € 11,96/litro",
            "productImage": "assets/2-1446.png?w=180&h=300&ar=0.6",
            "available": false,
            "highlights": [],
            "unitType": "al pezzo",
            "categoryId": 15215,
            "categoryName": "Pulizie di casa",
            "categorySlug": "pulizie-di-casa",
            "position": 143,
            "id": "661826f8-1130-4fa6-a21c-16eaac1f3abc"
          },
          {
            "brandText": "COCCOLATEVI",
            "name": "DEO AMBIENTI E TESSILI",
            "description": "disponibile in diverse varianti",
            "price": { "discounted": "2,49", "priceDecimalSeparator": ",", "discountDecimalSeparator": "," },
            "subName": "300 ml - € 8,30/litro",
            "productImage": "assets/3-1231.png?w=189&h=300&ar=0.63",
            "available": false,
            "highlights": [],
            "unitType": "al pezzo",
            "categoryId": 15249,
            "categoryName": "Profumatori ambiente",
            "categorySlug": "profumatori-ambiente",
            "position": 144,
            "id": "661826f8-ad68-432c-9453-18bbac1f3abc"
          },
          {
            "brandText": "BREF",
            "name": "TAVOLETTE PER WC",
            "description": "• pine forest/mountain fresh<br/>• 2 pezzi",
            "price": { "discounted": "2,19", "priceDecimalSeparator": ",", "discountDecimalSeparator": "," },
            "productImage": "assets/4-1119.png?w=227&h=300&ar=0.7566666666666667",
            "available": false,
            "highlights": [],
            "unitType": "a confezione",
            "categoryId": 15246,
            "categoryName": "Pulizia bagno",
            "categorySlug": "pulizia-bagno",
            "position": 145,
            "id": "661826f9-da0c-40f7-b40f-2deaac1f5aa6"
          },
          {
            "brandText": "CASACHIARA",
            "name": "DEODORANTE PER LAVASTOVIGLIE",
            "description": "",
            "price": { "discounted": "0,79", "priceDecimalSeparator": ",", "discountDecimalSeparator": "," },
            "productImage": "assets/5-997.png?w=166&h=300&ar=0.5533333333333333",
            "available": false,
            "highlights": [],
            "unitType": "al pezzo",
            "categoryId": 15234,
            "categoryName": "Detersivo lavastoviglie",
            "categorySlug": "detersivo-lavastoviglie",
            "position": 146,
            "id": "661826f9-8fa8-4d47-adca-2bb6ac1f5aa6"
          },
          {
            "brandText": "KOKETT",
            "name": "FAZZOLETTI IN BOX",
            "description": "• 3 veli<br/>• 60 pezzi",
            "price": { "discounted": "0,89", "priceDecimalSeparator": ",", "discountDecimalSeparator": "," },
            "productImage": "assets/6-926.png?w=300&h=253&ar=1.1857707509881423",
            "available": false,
            "highlights": [],
            "unitType": "a confezione",
            "categoryId": 15115,
            "categoryName": "Fazzoletti",
            "categorySlug": "fazzoletti",
            "position": 147,
            "id": "661826fa-5ff4-4f8f-876b-2d3dac1f5aa6"
          },
          {
            "brandText": "HOME CREATION",
            "name": "SET SCOPA CON PALETTA",
            "description": "manico telescopico: 83-150 cm",
            "price": { "discounted": "7,99", "priceDecimalSeparator": ",", "discountDecimalSeparator": "," },
            "productImage": "assets/7-843.png?w=198&h=300&ar=0.66",
            "available": false,
            "highlights": [],
            "unitType": "al set",
            "categoryId": 15231,
            "categoryName": "Scopa",
            "categorySlug": "scopa",
            "position": 148,
            "id": "661826fa-d9d0-4067-89e9-2d41ac1f5aa6"
          },
          {
            "brandText": "SCOTTEX",
            "name": "FAZZOLETTI ALLERGY COMFORT",
            "description": "8 x 9 pezzi",
            "price": { "discounted": "1,99", "priceDecimalSeparator": ",", "discountDecimalSeparator": "," },
            "productImage": "assets/8-779.png?w=300&h=181&ar=1.6574585635359116",
            "available": false,
            "highlights": [],
            "unitType": "a confezione",
            "categoryId": 15115,
            "categoryName": "Fazzoletti",
            "categorySlug": "fazzoletti",
            "position": 149,
            "id": "661826fa-4858-4bd2-b2ee-2d41ac1f5aa6"
          },
          {
            "brandText": "HOME CREATION",
            "name": "CESTINI IN RATTAN",
            "description": "diversi modelli disponibili",
            "price": { "discounted": "9,99", "priceDecimalSeparator": ",", "discountDecimalSeparator": "," },
            "productImage": "assets/9-717.png?w=300&h=188&ar=1.5957446808510638",
            "available": false,
            "highlights": [],
            "unitType": "al pezzo/al set",
            "categoryId": 13663,
            "categoryName": "Cestino",
            "categorySlug": "cestino",
            "position": 150,
            "id": "661826fb-3f48-49cb-94f4-2bb6ac1f5aa6"
          },
          {
            "brandText": "SHAH SELECT",
            "name": "BOCCONCINI PER GATTI XXL",
            "description": "gusti vari<br/>",
            "price": { "discounted": "12,99", "priceDecimalSeparator": ",", "discountDecimalSeparator": "," },
            "subName": "48 x 100 g - € 2,71/kg",
            "productImage": "assets/10-674.png?w=300&h=240&ar=1.25",
            "available": false,
            "highlights": [],
            "unitType": "a confezione",
            "categoryId": 13353,
            "categoryName": "Cibo per gatti",
            "categorySlug": "cibo-per-gatti",
            "position": 151,
            "id": "661826fb-b5e0-42f2-8fc1-18d9ac1f3abc"
          },
          {
            "brandText": "SWIFFER",
            "name": "PIUMINI CATTURAPOLVERE",
            "description": "12 pezzi",
            "price": { "discounted": "6,99", "priceDecimalSeparator": ",", "discountDecimalSeparator": "," },
            "productImage": "assets/11-606.png?w=300&h=269&ar=1.1152416356877324",
            "available": false,
            "highlights": [],
            "unitType": "a confezione",
            "categoryId": 15215,
            "categoryName": "Pulizie di casa",
            "categorySlug": "pulizie-di-casa",
            "position": 152,
            "id": "661826fc-981c-4d29-a7ab-18e1ac1f3abc"
          },
          {
            "brandText": "HOME CREATION",
            "name": "GRUCCE ANTI-SCIVOLO",
            "description": "• portata massima: 1 kg<br/>• set da 10 pezzi",
            "price": { "discounted": "4,99", "priceDecimalSeparator": ",", "discountDecimalSeparator": "," },
            "productImage": "assets/12-550.png?w=300&h=259&ar=1.1583011583011582",
            "available": false,
            "highlights": [],
            "unitType": "a confezione",
            "categoryId": 12818,
            "categoryName": "Pantofole",
            "categorySlug": "pantofole",
            "position": 153,
            "id": "661826fc-a3b8-409b-9e0a-18adac1f3abc"
          },
          {
            "brandText": "NOVITESSE",
            "name": "CUSCINO ANALLERGICO",
            "description": "dimensioni: 50 x 80 cm",
            "price": { "discounted": "8,99", "priceDecimalSeparator": ",", "discountDecimalSeparator": "," },
            "productImage": "assets/202203230167.png?w=300&h=300&ar=1",
            "specs": [
              { "src": "assets/europe.png?w=113&h=72&ar=1.5694444444444444", "size": "large" },
              { "src": "assets/1-1167.png?w=135&h=100&ar=1.35", "size": "large" }
            ],
            "available": false,
            "highlights": [],
            "unitType": "al pezzo",
            "categoryId": 15127,
            "categoryName": "Cuscino",
            "categorySlug": "cuscino",
            "position": 154,
            "id": "661826fc-e17c-460b-b332-17cbac1f3abc"
          },
          {
            "brandText": "NOVITESSE",
            "name": "LENZUOLO CON ANGOLI SUPERSOFT",
            "description": "• dimensioni: 180-200 x 200-220 cm<br/>• composizione: 94% cotone, 6% elastan",
            "price": { "discounted": "14,99", "priceDecimalSeparator": ",", "discountDecimalSeparator": "," },
            "productImage": "assets/a-60.png?w=300&h=174&ar=1.7241379310344827",
            "specs": [
              { "src": "assets/1-1750.png?w=173&h=100&ar=1.73", "size": "large" },
              { "src": "assets/1-1167.png?w=135&h=100&ar=1.35", "size": "large" }
            ],
            "available": false,
            "highlights": [],
            "unitType": "al pezzo ",
            "categoryId": 15123,
            "categoryName": "Lenzuola",
            "categorySlug": "lenzuola",
            "position": 155,
            "id": "661826fc-1b14-4db8-8290-18e1ac1f3abc"
          },
          {
            "brandText": "NOVITESSE",
            "name": "CUSCINO ",
            "description": "dimensioni 50 x 80 cm",
            "price": { "discounted": "6,99", "priceDecimalSeparator": ",", "discountDecimalSeparator": "," },
            "productImage": "assets/b-18.png?w=300&h=213&ar=1.408450704225352",
            "specs": [{ "src": "assets/1-1167.png?w=135&h=100&ar=1.35", "size": "large" }],
            "available": false,
            "highlights": [],
            "unitType": "al pezzo ",
            "categoryId": 15127,
            "categoryName": "Cuscino",
            "categorySlug": "cuscino",
            "position": 156,
            "id": "661826fd-a830-4d51-b021-18d9ac1f3abc"
          },
          {
            "brandText": "NOVITESSE",
            "name": "FEDERA PER CUSCINO",
            "description": "• 100% cotone<br/>• dimensioni: 50 x 80 cm<br/>• confezione da 2",
            "price": { "discounted": "5,99", "priceDecimalSeparator": ",", "discountDecimalSeparator": "," },
            "productImage": "assets/c-15.png?w=300&h=152&ar=1.9736842105263157",
            "specs": [
              { "src": "assets/1-1166.png?w=246&h=100&ar=2.46", "size": "large" },
              { "src": "assets/1-1167.png?w=135&h=100&ar=1.35", "size": "large" }
            ],
            "available": false,
            "highlights": [],
            "unitType": "a confezione",
            "categoryId": 15127,
            "categoryName": "Cuscino",
            "categorySlug": "cuscino",
            "position": 157,
            "id": "661826fd-f468-4efa-9d4c-17cbac1f3abc"
          },
          {
            "brandText": "AMBIANO",
            "name": "ARTICOLI PER LA STIRATURA",
            "description": "a scelta tra:<br/>• ferro da stiro a vapore senza fili<br/>• spazzola a vapore ripiegabile",
            "price": { "discounted": "24,99", "priceDecimalSeparator": ",", "discountDecimalSeparator": "," },
            "subName": "GARANZIA 3 ANNI",
            "productImage": "assets/d-16.png?w=300&h=200&ar=1.5",
            "specs": [{ "src": "assets/gar.png?w=100&h=55&ar=1.8181818181818181", "size": "large" }],
            "available": false,
            "highlights": [],
            "unitType": "al pezzo",
            "categoryId": 14044,
            "categoryName": "Ferro da stiro",
            "categorySlug": "ferro-da-stiro",
            "position": 158,
            "id": "661826fd-0648-4fcb-8cbe-18d9ac1f3abc"
          },
          {
            "brandText": "EASYHOME",
            "name": "DIFFUSORE DI AROMI A ULTRASUONI",
            "description": "• con lampada LED a variazione cromatica (7 colori)<br/>• capacità del serbatoio d’acqua: ca. 300 ml<br/>• spegnimento automatico<br/>• funzione timer (1, 3 e 6 ore)",
            "price": { "discounted": "19,99", "priceDecimalSeparator": ",", "discountDecimalSeparator": "," },
            "subName": "GARANZIA 3 ANNI",
            "productImage": "assets/e-16.png?w=300&h=300&ar=1",
            "specs": [{ "src": "assets/gar.png?w=100&h=55&ar=1.8181818181818181", "size": "large" }],
            "available": false,
            "highlights": [],
            "unitType": "al pezzo ",
            "categoryId": 15249,
            "categoryName": "Profumatori ambiente",
            "categorySlug": "profumatori-ambiente",
            "position": 159,
            "id": "661826fe-3544-491e-8071-18e1ac1f3abc"
          },
          {
            "brandText": "HOME CREATION",
            "name": "VASO IN CERAMICA ",
            "description": "diversi colori e modelli disponibili",
            "price": { "discounted": "7,99", "priceDecimalSeparator": ",", "discountDecimalSeparator": "," },
            "productImage": "assets/f-10.png?w=300&h=238&ar=1.2605042016806722",
            "available": false,
            "highlights": [],
            "unitType": "al pezzo ",
            "categoryId": 13429,
            "categoryName": "Piante",
            "categorySlug": "piante",
            "position": 160,
            "id": "661826fe-bf9c-4ba6-9271-185eac1f3abc"
          },
          {
            "brandText": "CASALUX",
            "name": "PLAFONIERA",
            "description": "• standard o con effetto stellato<br/>• 14 W<br/>• 1460 lm<br/>• 4000 K<br/>• quadrata (ca. 275 x 275 x 70 mm) o rotonda (ca. 280 x 70 mm)<br/>• materiale di montaggio incluso",
            "price": { "discounted": "9,99", "priceDecimalSeparator": ",", "discountDecimalSeparator": "," },
            "subName": "GARANZIA 3 ANNI",
            "productImage": "assets/g-7.png?w=300&h=266&ar=1.1278195488721805",
            "specs": [{ "src": "assets/gar.png?w=100&h=55&ar=1.8181818181818181", "size": "large" }],
            "available": false,
            "highlights": [],
            "unitType": "al pezzo",
            "categoryId": 15468,
            "categoryName": "Lampade",
            "categorySlug": "lampade",
            "position": 161,
            "id": "661826fe-2b60-4631-9752-185eac1f3abc"
          },
          {
            "brandText": "CASALUX",
            "name": "PLAFONIERA LED IN TESSUTO",
            "description": "• 12 W<br/>• 1300 lm<br/>• 4000 K<br/>• non dimmerabile<br/>• con paralume in tessuto di alta qualità",
            "price": { "discounted": "19,99", "priceDecimalSeparator": ",", "discountDecimalSeparator": "," },
            "subName": "GARANZIA 3 ANNI",
            "productImage": "assets/manca.png?w=300&h=209&ar=1.4354066985645932?w=300&h=294&ar=1.0204081632653061",
            "specs": [{ "src": "assets/gar.png?w=100&h=55&ar=1.8181818181818181", "size": "large" }],
            "available": false,
            "highlights": [],
            "unitType": "al pezzo",
            "categoryId": 15468,
            "categoryName": "Lampade",
            "categorySlug": "lampade",
            "position": 162,
            "id": "661826ff-2d14-411c-9e77-2d3dac1f5aa6"
          },
          {
            "brandText": "CASALUX",
            "name": "PIANTANA IN STILE MODERNO",
            "description": "• lampadina LED inclusa<br/>• 3000 K, colore bianco caldo<br/>• 8,5 W<br/>• altezza: 185 cm oppure 151,5 cm",
            "price": { "discounted": "49,99", "priceDecimalSeparator": ",", "discountDecimalSeparator": "," },
            "subName": "GARANZIA 3 ANNI",
            "productImage": "assets/h-12.png?w=133&h=300&ar=0.44333333333333336",
            "specs": [
              { "src": "assets/gar.png?w=100&h=55&ar=1.8181818181818181", "size": "large" },
              { "src": "assets/altrotuvgs.png?w=229&h=100&ar=2.29", "size": "large" }
            ],
            "available": false,
            "highlights": [],
            "unitType": "al pezzo",
            "categoryId": 13642,
            "categoryName": "Decorazioni casa",
            "categorySlug": "decorazioni-casa",
            "position": 163,
            "id": "661826ff-50f4-4119-a539-2d41ac1f5aa6"
          }
        ],
        "id": "per_te_e_la_casa_da_lunedi_1712319552566_3494"
      },
      {
        "name": "",
        "products": [
          {
            "brandText": "WILSON",
            "name": "MINI PALLONE DA FOOTBALL",
            "description": "13 x 21 cm",
            "price": { "discounted": "19,99", "priceDecimalSeparator": ",", "discountDecimalSeparator": "," },
            "productImage": "assets/a-61.png?w=229&h=300&ar=0.7633333333333333",
            "available": false,
            "highlights": [],
            "unitType": "al pezzo",
            "categoryId": 13172,
            "categoryName": "Pallone da calcio",
            "categorySlug": "pallone-da-calcio",
            "position": 164,
            "id": "661826ff-f774-441d-8ec1-17cbac1f3abc"
          },
          {
            "brandText": "DISNEY",
            "name": "MINI PALLA DA SOFTBALL",
            "description": "• palline rimbalzanti<br/>• schiuma di PU<br/>• diametro: ca. 6,3 cm, 3 pezzi",
            "price": { "discounted": "4,99", "priceDecimalSeparator": ",", "discountDecimalSeparator": "," },
            "productImage": "assets/e-17.png?w=300&h=189&ar=1.5873015873015872",
            "available": false,
            "highlights": [],
            "unitType": "a confezione",
            "categoryId": 14204,
            "categoryName": "Speaker",
            "categorySlug": "speaker",
            "position": 165,
            "id": "66182700-4d10-4bc4-9e1a-2bb6ac1f5aa6"
          },
          {
            "brandText": "ALIVE",
            "name": "PIGIAMA PER BAMBINI",
            "description": "taglie: 110-152",
            "price": { "discounted": "6,99", "priceDecimalSeparator": ",", "discountDecimalSeparator": "," },
            "productImage": "assets/i-10.png?w=272&h=300&ar=0.9066666666666666",
            "specs": [{ "src": "assets/1-1166.png?w=246&h=100&ar=2.46", "size": "large" }],
            "available": false,
            "highlights": [],
            "unitType": "al set",
            "categoryId": 12901,
            "categoryName": "Abbigliamento bambini",
            "categorySlug": "abbigliamento-bambini",
            "position": 166,
            "id": "66182700-9420-4f73-b536-2e13ac1f5aa6"
          },
          {
            "brandText": "PAW PATROL / MICKEY MOUSE",
            "name": "CIABATTE PER BAMBINI",
            "description": "misure: 23-29",
            "price": { "discounted": "8,99", "priceDecimalSeparator": ",", "discountDecimalSeparator": "," },
            "productImage": "assets/o-8.png?w=260&h=300&ar=0.8666666666666667",
            "available": false,
            "highlights": [],
            "unitType": "al paio",
            "categoryId": 12785,
            "categoryName": "Scarpe",
            "categorySlug": "scarpe",
            "position": 167,
            "id": "66182700-7cd8-4dd5-8788-2d41ac1f5aa6"
          },
          {
            "name": "ZAINO FASCIATOIO",
            "description": "• 3 scomparti separati, 1 tasca impermeabile e 1 tasca laterale<br/>• capienza: 18 l",
            "price": { "discounted": "19,99", "priceDecimalSeparator": ",", "discountDecimalSeparator": "," },
            "productImage": "assets/al.png?w=291&h=300&ar=0.97",
            "available": false,
            "highlights": [],
            "unitType": "al pezzo",
            "categoryId": 12974,
            "categoryName": "Borse",
            "categorySlug": "borse",
            "position": 168,
            "id": "66182701-4810-48c4-bbc6-16a9ac1f3abc"
          },
          {
            "brandText": "NOVITESSE",
            "name": "CUSCINO PER ALLATTAMENTO",
            "description": "• dimensioni: ca. 160 cm<br/>• fodera: 100 % cotone, certificato BCI<br/>• rivestimento interno: 95 % poliestere, 5 % elastan<br/>• imbottitura: perline di polistirolo",
            "price": { "discounted": "19,99", "priceDecimalSeparator": ",", "discountDecimalSeparator": "," },
            "productImage": "assets/aaa-11.png?w=300&h=233&ar=1.2875536480686696",
            "specs": [
              { "src": "assets/1-1166.png?w=246&h=100&ar=2.46", "size": "large" },
              { "src": "assets/1-1167.png?w=135&h=100&ar=1.35", "size": "large" }
            ],
            "available": false,
            "highlights": [],
            "unitType": "al pezzo",
            "categoryId": 15127,
            "categoryName": "Cuscino",
            "categorySlug": "cuscino",
            "position": 169,
            "id": "66182701-8484-4eeb-9759-1911ac1f3abc"
          }
        ],
        "id": "1712319552566_3288"
      },
      {
        "name": "",
        "products": [
          {
            "name": "BANNER",
            "type": "image",
            "tracking": true,
            "modifier": "wide",
            "props": {
              "src": "assets/banneravventuraaldii.png?w=768&h=336&ar=2.2857142857142856",
              "modifier": "wide",
              "ctaUrl": ""
            },
            "position": 170
          },
          {
            "brandText": "ADVENTURIDGE",
            "name": "SACCO A PELO ULTRALEGGERO",
            "description": "ideale per l'estate<br/>a scelta tra:<br/>• modello a mummia (lunghezza 225 cm)<br/>• modello standard (lunghezza 200 cm)",
            "price": { "discounted": "19,99", "priceDecimalSeparator": ",", "discountDecimalSeparator": "," },
            "productImage": "assets/202205110194.png?w=300&h=300&ar=1",
            "available": false,
            "highlights": [],
            "unitType": "al pezzo ",
            "categoryId": 13080,
            "categoryName": "Sacco a pelo",
            "categorySlug": "sacco-a-pelo",
            "position": 171,
            "id": "66182702-60b0-4fb2-a392-1641ac1f3abc"
          },
          {
            "brandText": "BESTWAY",
            "name": "MATERASSO GONFIABILE CON POMPA INTEGRATA",
            "description": "• autogonfiante (in circa 4 minuti)<br/>• con custodia e toppe di riparazione<br/>• dimensioni: 203 x 152 x 46 cm (L x l x h)<br/>• portata massima: 300 kg",
            "price": { "discounted": "49,99", "priceDecimalSeparator": ",", "discountDecimalSeparator": "," },
            "subName": "GARANZIA 3 ANNI",
            "productImage": "assets/1-8458.png?w=300&h=239&ar=1.2552301255230125",
            "specs": [{ "src": "assets/gar.png?w=100&h=55&ar=1.8181818181818181", "size": "large" }],
            "available": false,
            "highlights": [],
            "unitType": "al pezzo",
            "categoryId": 13119,
            "categoryName": "Materassino gonfiabile",
            "categorySlug": "materassino-gonfiabile",
            "position": 172,
            "id": "66182702-ce50-4eca-a197-1649ac1f3abc"
          },
          {
            "brandText": "ADVENTURIDGE",
            "name": "MATERASSINO DA CAMPEGGIO/SPIAGGIA",
            "description": "• con schienale regolabile<br/>• dimensioni (da aperto): 160 x 53 x 2,5 cm (l x h x p)",
            "price": { "discounted": "14,99", "priceDecimalSeparator": ",", "discountDecimalSeparator": "," },
            "productImage": "assets/2-1447.png?w=292&h=300&ar=0.9733333333333334",
            "available": false,
            "highlights": [],
            "unitType": "al pezzo",
            "categoryId": 13617,
            "categoryName": "Materassi",
            "categorySlug": "materassi",
            "position": 173,
            "id": "66182703-db1c-429d-abc0-2c58ac1f5aa6"
          },
          {
            "brandText": "ADVENTURIDGE",
            "name": "MATERASSINO AUTOGONFIANTE",
            "description": "disponibile in due misure:<br/>• 188 x 66 x 5 cm (L x l x h) da aperto, 66 x 15 cm da chiuso<br/>• 180 x 60 x 3,5 cm (L x l x h) da aperto, 31 x 18,5 cm da chiuso",
            "price": { "discounted": "24,99", "priceDecimalSeparator": ",", "discountDecimalSeparator": "," },
            "subName": "GARANZIA 3 ANNI",
            "productImage": "assets/3-1232.png?w=300&h=169&ar=1.7751479289940828",
            "specs": [
              { "src": "assets/gar.png?w=100&h=55&ar=1.8181818181818181", "size": "large" },
              { "src": "assets/lgatested.png?w=195&h=100&ar=1.95", "size": "large" },
              { "src": "assets/it_2023_52_wop_00_20-21.png?w=233&h=100&ar=2.33", "size": "large" }
            ],
            "available": false,
            "highlights": [],
            "unitType": "al pezzo",
            "categoryId": 13617,
            "categoryName": "Materassi",
            "categorySlug": "materassi",
            "position": 174,
            "id": "66182703-90dc-44d2-a196-1649ac1f3abc"
          },
          {
            "brandText": "ADVENTURIDGE",
            "name": "TAPPETINO ANTISCIVOLO",
            "description": "• può essere tagliato a misura e riutilizzato molte volte<br/>• utile in armadi per roulotte e cassetti<br/>• lavabile a mano",
            "price": { "discounted": "3,99", "priceDecimalSeparator": ",", "discountDecimalSeparator": "," },
            "productImage": "assets/6-927.png?w=300&h=275&ar=1.0909090909090908",
            "available": false,
            "highlights": [],
            "unitType": "al pezzo",
            "categoryId": 13668,
            "categoryName": "Tappeti",
            "categorySlug": "tappeti",
            "position": 175,
            "id": "66182704-ec7c-4432-84da-2e44ac1f5aa6"
          },
          {
            "brandText": "ADVENTURIDGE",
            "name": "TAVOLO DA CAMPEGGIO",
            "description": "• può essere utilizzato a 2 altezze<br/>• carico massimo 20 kg<br/>• Dimensioni: 75 x 55 x 69,5/33,5 cm (L x l x h)",
            "price": { "discounted": "24,99", "priceDecimalSeparator": ",", "discountDecimalSeparator": "," },
            "subName": "GARANZIA 3 ANNI",
            "productImage": "assets/5-998.png?w=300&h=285&ar=1.0526315789473684",
            "specs": [{ "src": "assets/gar.png?w=100&h=55&ar=1.8181818181818181", "size": "large" }],
            "available": false,
            "highlights": [],
            "unitType": "al pezzo",
            "categoryId": 13592,
            "categoryName": "Tavoli",
            "categorySlug": "tavoli",
            "position": 176,
            "id": "66182704-2d5c-46df-a53a-2e85ac1f5aa6"
          },
          {
            "brandText": "ADVENTURIDGE",
            "name": "COPERTA DA PICNIC IDROREPELLENTE",
            "description": "• lato superiore e inferiore idrorepellente<br/>• dimensioni 2,8 m x 2,8 m",
            "price": { "discounted": "29,99", "priceDecimalSeparator": ",", "discountDecimalSeparator": "," },
            "productImage": "assets/4-1120.png?w=300&h=238&ar=1.2605042016806722",
            "available": false,
            "highlights": [],
            "unitType": "al pezzo",
            "hide": false,
            "modifier": "wide",
            "subModifier": "default",
            "productMultiImages": [],
            "categorySlug": "coperta",
            "categoryName": "Coperta",
            "hideBottomLine": false,
            "bundleInfo": {},
            "timing": { "create": "5/4/2024, 14:30:45", "update": "5/4/2024, 14:30:45" },
            "categoryId": 15119,
            "position": 177,
            "id": "66182704-8a68-443d-aa44-1941ac1f3abc"
          },
          {
            "name": "BORSA SPORTIVA/DA VIAGGIO",
            "description": "a scelta tra:<br/>• 76 x 32 x 33 cm (L x l x h), capienza: 100 l<br/>oppure<br/>• 69,5 x 29,5 x 33 cm (L x l x h), capienza: 90 l",
            "price": { "discounted": "19,99", "priceDecimalSeparator": ",", "discountDecimalSeparator": "," },
            "productImage": "assets/unica.png?w=216&h=300&ar=0.72",
            "available": false,
            "highlights": [],
            "unitType": "al pezzo",
            "categoryId": 12974,
            "categoryName": "Borse",
            "categorySlug": "borse",
            "position": 178,
            "id": "66182705-fef8-4912-ad16-2d1aac1f5aa6"
          },
          {
            "name": "BORSA FRIGO",
            "description": "• dimensioni: 46 x 27 x 24,5 cm<br/>• capienza: 21 l",
            "price": { "discounted": "9,99", "priceDecimalSeparator": ",", "discountDecimalSeparator": "," },
            "productImage": "assets/1-8459.png?w=300&h=293&ar=1.023890784982935",
            "available": false,
            "highlights": [],
            "unitType": "al pezzo",
            "categoryId": 15695,
            "categoryName": "Borsa Termica",
            "categorySlug": "borsa-termica",
            "position": 179,
            "id": "66182705-2efc-4e26-8ba2-07bdac1f3abc"
          }
        ],
        "id": "1712319552566_6947"
      },
      {
        "name": "Per te e la casa Da Giovedì",
        "products": [
          {
            "brandText": "UP 2 FASHION MEN",
            "name": "FELPA DA UOMO",
            "description": "taglie: 48-58",
            "price": { "discounted": "12,99", "priceDecimalSeparator": ",", "discountDecimalSeparator": "," },
            "productImage": "assets/felpecorrette.png?w=300&h=249&ar=1.2048192771084338",
            "available": false,
            "highlights": [],
            "categoryId": 12932,
            "categoryName": "Abbigliamento uomo",
            "categorySlug": "abbigliamento-uomo",
            "position": 180,
            "hide": false,
            "modifier": "cell",
            "subModifier": "default",
            "unitType": "al pezzo",
            "productMultiImages": [],
            "hideBottomLine": false,
            "bundleInfo": {},
            "timing": { "create": "8/4/2024, 10:27:12", "update": "8/4/2024, 10:27:12" },
            "specs": [
              {
                "src": "assets/newaddcotonemadeinafrica.png?w=49&h=100&ar=0.49",
                "size": "large",
                "timing": { "create": "8/4/2024, 10:27:26", "update": "8/4/2024, 10:27:31" }
              }
            ],
            "id": "66182705-92f0-4150-805a-2e51ac1f5aa6"
          },
          {
            "brandText": "UP 2 FASHION",
            "name": "PULLOVER DA UOMO",
            "description": "taglie: 48-58",
            "price": { "discounted": "12,99", "priceDecimalSeparator": ",", "discountDecimalSeparator": "," },
            "productImage": "assets/1-8461.png?w=300&h=263&ar=1.1406844106463878",
            "available": false,
            "highlights": [],
            "unitType": "al pezzo ",
            "categoryId": 12932,
            "categoryName": "Abbigliamento uomo",
            "categorySlug": "abbigliamento-uomo",
            "position": 181,
            "id": "66182706-508c-43f5-b939-2df8ac1f5aa6"
          },
          {
            "brandText": "UP 2 FASHION MEN",
            "name": "OVERSHIRT DA UOMO",
            "description": "taglie: 48-58",
            "price": { "discounted": "12,99", "priceDecimalSeparator": ",", "discountDecimalSeparator": "," },
            "productImage": "assets/2-1450.png?w=300&h=235&ar=1.2765957446808511",
            "available": false,
            "highlights": [],
            "unitType": "al pezzo",
            "categoryId": 12859,
            "categoryName": "Intimo",
            "categorySlug": "intimo",
            "position": 182,
            "id": "66182706-8d40-4d65-8c1a-2c15ac1f5aa6"
          },
          {
            "brandText": "UP 2 FASHION",
            "name": "JEANS DA UOMO",
            "description": "taglie: 48-56",
            "price": { "discounted": "14,99", "priceDecimalSeparator": ",", "discountDecimalSeparator": "," },
            "productImage": "assets/3-1234.png?w=285&h=300&ar=0.95",
            "specs": [
              { "src": "assets/1-1218.png?w=168&h=100&ar=1.68", "size": "large" },
              { "src": "assets/1-1750.png?w=173&h=100&ar=1.73", "size": "large" }
            ],
            "available": false,
            "highlights": [],
            "unitType": "al pezzo",
            "categoryId": 12940,
            "categoryName": "Pantaloni uomo",
            "categorySlug": "pantaloni-uomo",
            "position": 183,
            "id": "66182706-29dc-493f-ae20-1762ac1f3abc"
          },
          {
            "brandText": "UP 2 FASHION MEN",
            "name": "PANTALONI CHINO DA UOMO",
            "description": "taglie: 48-56",
            "price": { "discounted": "12,99", "priceDecimalSeparator": ",", "discountDecimalSeparator": "," },
            "productImage": "assets/4-1122.png?w=261&h=300&ar=0.87",
            "available": false,
            "highlights": [],
            "unitType": "al pezzo",
            "categoryId": 12932,
            "categoryName": "Abbigliamento uomo",
            "categorySlug": "abbigliamento-uomo",
            "position": 184,
            "id": "66182706-f020-4200-8161-1912ac1f3abc"
          },
          {
            "brandText": "UP 2 FASHION MEN",
            "name": "BERMUDA CARGO A 3/4 DA UOMO",
            "description": "taglie: 48-56",
            "price": { "discounted": "9,99", "priceDecimalSeparator": ",", "discountDecimalSeparator": "," },
            "productImage": "assets/5-1000.png?w=300&h=293&ar=1.023890784982935",
            "specs": [{ "src": "assets/coton-1.png?w=86&h=100&ar=0.86", "size": "large" }],
            "available": false,
            "highlights": [],
            "unitType": "al pezzo",
            "categoryId": 12928,
            "categoryName": "Pantaloncini",
            "categorySlug": "pantaloncini",
            "position": 185,
            "id": "66182707-7c84-4fd2-a95a-2df7ac1f5aa6"
          },
          {
            "brandText": "ROYAL CLASS CASUAL",
            "name": "PIGIAMA CORTO DA UOMO",
            "description": "taglie: 48-58",
            "price": { "discounted": "7,99", "priceDecimalSeparator": ",", "discountDecimalSeparator": "," },
            "productImage": "assets/6-929.png?w=235&h=300&ar=0.7833333333333333",
            "available": false,
            "highlights": [],
            "unitType": "al set",
            "categoryId": 12945,
            "categoryName": "Pigiama uomo",
            "categorySlug": "pigiama-uomo",
            "position": 186,
            "id": "66182708-b318-4f05-9cdc-18daac1f3abc"
          },
          {
            "brandText": "UP 2 FASHION BASICS",
            "name": "CANOTTA DA UOMO",
            "description": "• taglie: M-XXL<br/>• 3 pezzi",
            "price": { "discounted": "7,99", "priceDecimalSeparator": ",", "discountDecimalSeparator": "," },
            "productImage": "assets/h-13.png?w=299&h=300&ar=0.9966666666666667",
            "specs": [{ "src": "assets/1-1218.png?w=168&h=100&ar=1.68", "size": "large" }],
            "available": false,
            "highlights": [],
            "unitType": "a confezione",
            "categoryId": 12932,
            "categoryName": "Abbigliamento uomo",
            "categorySlug": "abbigliamento-uomo",
            "position": 187,
            "id": "66182708-fba4-4b2f-a336-2b38ac1f5aa6"
          },
          {
            "brandText": "UP 2 FASHION",
            "name": "BOXER DA UOMO",
            "description": "• taglie: M-4XL<br/>• 3 pezzi",
            "price": { "discounted": "6,99", "priceDecimalSeparator": ",", "discountDecimalSeparator": "," },
            "productImage": "assets/m-7.png?w=300&h=225&ar=1.3333333333333333",
            "specs": [
              { "src": "assets/1-1218.png?w=168&h=100&ar=1.68", "size": "large" },
              { "src": "assets/1-1750.png?w=173&h=100&ar=1.73", "size": "large" }
            ],
            "available": false,
            "highlights": [],
            "unitType": "a confezione",
            "categoryId": 12887,
            "categoryName": "Boxer uomo",
            "categorySlug": "boxer-uomo",
            "position": 188,
            "id": "66182708-4430-4b05-b1c5-19a8ac1f3abc"
          },
          {
            "brandText": "DISNEY / MARVEL",
            "name": "CALZE DA UOMO",
            "description": "• misure: 39-46<br/>• 4 paia",
            "price": { "discounted": "7,99", "priceDecimalSeparator": ",", "discountDecimalSeparator": "," },
            "productImage": "assets/hds.png?w=300&h=242&ar=1.2396694214876034",
            "specs": [{ "src": "assets/1-1750.png?w=173&h=100&ar=1.73", "size": "large" }],
            "available": false,
            "highlights": [],
            "unitType": "a confezione",
            "categoryId": 12885,
            "categoryName": "Calzini",
            "categorySlug": "calzini",
            "position": 189,
            "id": "66182709-5e54-4ab8-9466-2ef6ac1f5aa6"
          },
          {
            "brandText": "UP 2 FASHION",
            "name": "CALZE DA UOMO",
            "description": "• misure: 39-46<br/>• 2 paia",
            "price": { "discounted": "2,99", "priceDecimalSeparator": ",", "discountDecimalSeparator": "," },
            "productImage": "assets/c-17.png?w=300&h=269&ar=1.1152416356877324",
            "specs": [
              { "src": "assets/1-1218.png?w=168&h=100&ar=1.68", "size": "large" },
              { "src": "assets/1-1750.png?w=173&h=100&ar=1.73", "size": "large" }
            ],
            "available": false,
            "highlights": [],
            "unitType": "a confezione",
            "categoryId": 12885,
            "categoryName": "Calzini",
            "categorySlug": "calzini",
            "position": 190,
            "id": "66182709-cbc0-4ea4-801a-19b7ac1f3abc"
          },
          {
            "brandText": "UP 2 FASHION WOMEN",
            "name": "CALZINI DA DONNA",
            "description": "• misure: 35-42<br/>• 5 paia",
            "price": { "discounted": "4,99", "priceDecimalSeparator": ",", "discountDecimalSeparator": "," },
            "productImage": "assets/j-2.png?w=300&h=213&ar=1.408450704225352",
            "specs": [
              { "src": "assets/1-1218.png?w=168&h=100&ar=1.68", "size": "large" },
              { "src": "assets/1-1750.png?w=173&h=100&ar=1.73", "size": "large" }
            ],
            "available": false,
            "highlights": [],
            "unitType": "a confezione",
            "categoryId": 12885,
            "categoryName": "Calzini",
            "categorySlug": "calzini",
            "position": 191,
            "id": "6618270a-d1c8-417b-b613-2b8aac1f5aa6"
          },
          {
            "brandText": "CRANE",
            "name": "CALZE SPORTIVE OUTDOOR PER UOMO E DONNA",
            "description": "• misure: 35-46<br/>• 2 paia",
            "price": { "discounted": "3,99", "priceDecimalSeparator": ",", "discountDecimalSeparator": "," },
            "productImage": "assets/sahdsahiu.png?w=296&h=300&ar=0.9866666666666667",
            "specs": [
              { "src": "assets/1-1218.png?w=168&h=100&ar=1.68", "size": "large" },
              { "src": "assets/1-1750.png?w=173&h=100&ar=1.73", "size": "large" },
              { "src": "assets/it_2023_49_wop_00_18-19.png?w=142&h=33&ar=4.303030303030303", "size": "large" }
            ],
            "available": false,
            "highlights": [],
            "unitType": "a confezione",
            "categoryId": 12885,
            "categoryName": "Calzini",
            "categorySlug": "calzini",
            "position": 192,
            "id": "6618270a-3e74-4dbd-bbfb-2df7ac1f5aa6"
          },
          {
            "brandText": "UP 2 FASHION",
            "name": "SNEAKERS IN TELA PER UOMO E DONNA",
            "description": "misure: 37-45",
            "price": { "discounted": "9,99", "priceDecimalSeparator": ",", "discountDecimalSeparator": "," },
            "productImage": "assets/nca.png?w=300&h=294&ar=1.0204081632653061",
            "available": false,
            "highlights": [],
            "unitType": "al paio",
            "categoryId": 12805,
            "categoryName": "Sneakers",
            "categorySlug": "sneakers",
            "position": 193,
            "id": "6618270a-293c-43ad-8bd6-2e17ac1f5aa6"
          },
          {
            "name": "REGOLABARBA",
            "description": "• 4 pettini fissi<br/>• caricabatteria USB<br/>• 100% resistente all‘acqua",
            "price": { "discounted": "29,99", "priceDecimalSeparator": ",", "discountDecimalSeparator": "," },
            "productImage": "assets/boo.png?w=286&h=300&ar=0.9533333333333334",
            "available": false,
            "highlights": [],
            "unitType": "al set",
            "hide": false,
            "modifier": "wide",
            "subModifier": "default",
            "productMultiImages": [],
            "categorySlug": "schiuma-da-barba",
            "categoryName": "Schiuma da barba",
            "hideBottomLine": false,
            "bundleInfo": {},
            "timing": { "create": "5/4/2024, 14:31:10", "update": "5/4/2024, 14:31:11" },
            "categoryId": 13732,
            "position": 194,
            "id": "6618270b-bfe0-42bf-a19e-2b76ac1f5aa6"
          }
        ],
        "id": "per_te_e_la_casa_da_giovedi_1712319552566_5574"
      },
      {
        "name": "",
        "backgroundPattern": "assets/verdinosfondo-scaled.jpg?w=492&h=2560&ar=0.1921875",
        "products": [
          {
            "name": "BANNER",
            "type": "image",
            "tracking": true,
            "modifier": "wide",
            "props": { "src": "assets/bannergiardinoaldikw16.png?w=768&h=192&ar=4", "modifier": "wide", "ctaUrl": "" },
            "position": 195
          },
          {
            "brandText": "GARDENLINE",
            "name": "AVVOLGITUBO AUTOMATICO",
            "description": "• con tubo retinato (20 m) e tubo di raccordo (2 m)<br/>• supporto per montaggio a parete e vari accessori inclusi",
            "price": { "discounted": "49,99", "priceDecimalSeparator": ",", "discountDecimalSeparator": "," },
            "subName": "GARANZIA 3 ANNI",
            "productImage": "assets/202205030430.png?w=300&h=300&ar=1",
            "specs": [{ "src": "assets/gar.png?w=100&h=55&ar=1.8181818181818181", "size": "large" }],
            "available": false,
            "highlights": [],
            "unitType": "al pezzo",
            "categoryId": 15294,
            "categoryName": "Attrezzi da lavoro",
            "categorySlug": "attrezzi-da-lavoro",
            "position": 196,
            "id": "6618270b-9844-4385-ba7d-2b8aac1f5aa6"
          },
          {
            "brandText": "BELAVI",
            "name": "FIORIERA RIALZATA IN LEGNO",
            "description": "• ideale per coltivare ortaggi, erbe e fiori<br/>• include una fodera idrorepellente",
            "price": { "discounted": "39,99", "priceDecimalSeparator": ",", "discountDecimalSeparator": "," },
            "subName": "GARANZIA 3 ANNI",
            "productImage": "assets/1-8462.png?w=273&h=300&ar=0.91",
            "specs": [
              { "src": "assets/gar.png?w=100&h=55&ar=1.8181818181818181", "size": "large" },
              { "src": "assets/made_in_austria.png?w=99&h=60&ar=1.65", "size": "large" }
            ],
            "available": false,
            "highlights": [],
            "unitType": "al pezzo",
            "categoryId": 13436,
            "categoryName": "Fioriere",
            "categorySlug": "fioriere",
            "position": 197,
            "id": "6618270c-8608-469c-98bb-2d2dac1f5aa6"
          },
          {
            "brandText": "CLABER",
            "name": "RACCORDI PER TUBI FLESSIBILI",
            "description": "diversi raccordi disponibili",
            "price": { "discounted": "1,99", "priceDecimalSeparator": ",", "discountDecimalSeparator": "," },
            "subName": "GARANZIA 2 ANNI",
            "productImage": "assets/2-1451.png?w=300&h=256&ar=1.171875",
            "specs": [
              { "src": "assets/garanzia2-1.png?w=182&h=100&ar=1.82", "size": "large" },
              { "src": "assets/xxxx.png?w=158&h=100&ar=1.58", "size": "large" }
            ],
            "available": false,
            "highlights": [],
            "unitType": "al pezzo",
            "categoryId": 15281,
            "categoryName": "Tubo",
            "categorySlug": "tubo",
            "position": 198,
            "id": "6618270c-ee38-4821-840e-2b8aac1f5aa6"
          },
          {
            "brandText": "GARDENLINE",
            "name": "ACCESSORI PER IRRIGAZIONE",
            "description": "compatibili con tutti i sistemi di irrigazione e i tubi da giardino standard",
            "price": { "discounted": "3,99", "priceDecimalSeparator": ",", "discountDecimalSeparator": "," },
            "productImage": "assets/3-1235.png?w=300&h=210&ar=1.4285714285714286",
            "available": false,
            "highlights": [],
            "unitType": "al set",
            "categoryId": 13410,
            "categoryName": "Irrigazione",
            "categorySlug": "irrigazione",
            "position": 199,
            "id": "6618270c-9538-4bd0-b00b-2f04ac1f5aa6"
          },
          {
            "brandText": "GARDENLINE",
            "name": "TUBO FLESSIBILE DA GIARDINO",
            "description": "• estendibile da 7 m a circa 15 m<br/>• incl. doccetta con 10 funzioni di getto<br/>• attacco per rubinetto e 2 raccordi per tubo flessibile",
            "price": { "discounted": "19,99", "priceDecimalSeparator": ",", "discountDecimalSeparator": "," },
            "productImage": "assets/4-1123.png?w=300&h=246&ar=1.2195121951219512",
            "available": false,
            "highlights": [],
            "unitType": "al set",
            "categoryId": 15281,
            "categoryName": "Tubo",
            "categorySlug": "tubo",
            "position": 200,
            "id": "6618270d-5114-4677-a2a3-19beac1f3abc"
          },
          {
            "brandText": "GARDENLINE",
            "name": "TUBO DA GIARDINO CON ACCESSORI",
            "description": "a scelta tra:<br/>• lunghezza: 20 m, Ø 1,27 cm (1/2\")<br/>• lunghezza: 10 m, Ø 1,9 cm (3/4\")<br/>• diversi accessori disponibili",
            "price": { "discounted": "14,99", "priceDecimalSeparator": ",", "discountDecimalSeparator": "," },
            "productImage": "assets/5-1001.png?w=300&h=224&ar=1.3392857142857142",
            "available": false,
            "highlights": [],
            "unitType": "al set",
            "categoryId": 13491,
            "categoryName": "Accessori giardino",
            "categorySlug": "accessori-giardino",
            "position": 201,
            "id": "6618270d-9e14-4702-ad8c-2b76ac1f5aa6"
          },
          {
            "brandText": "GARDENLINE",
            "name": "SACCO DA GIARDINO",
            "description": "• sacco pop-up autoportante: 100 l<br/>• sacco per rifiuti, confezione da 2: 120 l<br/>• sacco pieghevole da giardino: 272 l",
            "price": { "discounted": "4,99", "priceDecimalSeparator": ",", "discountDecimalSeparator": "," },
            "productImage": "assets/6-930.png?w=227&h=300&ar=0.7566666666666667",
            "available": false,
            "highlights": [],
            "unitType": "al pezzo",
            "categoryId": 13080,
            "categoryName": "Sacco a pelo",
            "categorySlug": "sacco-a-pelo",
            "position": 202,
            "id": "6618270d-84b4-4b2a-8b3c-19d5ac1f3abc"
          },
          {
            "brandText": "GARDENLINE",
            "name": "LANCIA/PISTOLA PER L'IRRIGAZIONE",
            "description": "• compatibile con i più comuni sistemi idrici a innesto da 1/2\"<br/>• lancia per l’irrigazione con 8 diverse modalità di getto<br/>• pistola a spruzzo regolabile, da getto forte a nebulizzatore delicato",
            "price": { "discounted": "4,99", "priceDecimalSeparator": ",", "discountDecimalSeparator": "," },
            "productImage": "assets/7-845.png?w=300&h=227&ar=1.3215859030837005",
            "available": false,
            "highlights": [],
            "unitType": "al pezzo",
            "categoryId": 13491,
            "categoryName": "Accessori giardino",
            "categorySlug": "accessori-giardino",
            "position": 203,
            "id": "6618270e-12dc-4dc7-bdd9-2d3dac1f5aa6"
          },
          {
            "brandText": "CASALUX",
            "name": "LUCI PER VIALETTO A ENERGIA SOLARE, 4 PEZZI",
            "description": "• temperatura di colore: 3000 K<br/>• autonomia: 30 000 ore<br/>• flusso luminoso: 20 lm<br/>• dimensioni: Ø 11,5 cm",
            "price": { "discounted": "14,99", "priceDecimalSeparator": ",", "discountDecimalSeparator": "," },
            "subName": "GARANZIA 3 ANNI",
            "productImage": "assets/8-781.png?w=300&h=158&ar=1.8987341772151898",
            "specs": [{ "src": "assets/gar.png?w=100&h=55&ar=1.8181818181818181", "size": "large" }],
            "available": false,
            "highlights": [],
            "unitType": "a confezione",
            "categoryId": 15476,
            "categoryName": "Luci led",
            "categorySlug": "luci-led",
            "position": 204,
            "id": "6618270e-eb00-4151-84f5-16b0ac1f3abc"
          },
          {
            "brandText": "GARDENLINE",
            "name": "ATTREZZI DA GIARDINAGGIO PER BAMBINI",
            "description": "diversi attrezzi disponibili",
            "price": { "discounted": "4,99", "priceDecimalSeparator": ",", "discountDecimalSeparator": "," },
            "productImage": "assets/9-719.png?w=288&h=300&ar=0.96",
            "specs": [{ "src": "assets/1-1265.png?w=251&h=100&ar=2.51", "size": "large" }],
            "available": false,
            "highlights": [],
            "unitType": "al pezzo",
            "categoryId": 13385,
            "categoryName": "Attrezzi da giardino",
            "categorySlug": "attrezzi-da-giardino",
            "position": 205,
            "id": "6618270e-29c0-48b9-9e57-19e8ac1f3abc"
          },
          {
            "brandText": "BELAVI",
            "name": "VASO PER PIANTE IN PLASTICA",
            "description": "• modello quadrato: 32 x 35 x 35 cm (h x L x l)<br/>• modello rotondo: Ø 40 cm, altezza 32 cm<br/>• modello ottagonale: Ø 35 cm, altezza 32 cm",
            "price": { "discounted": "4,99", "priceDecimalSeparator": ",", "discountDecimalSeparator": "," },
            "productImage": "assets/10-676.png?w=285&h=300&ar=0.95",
            "available": false,
            "highlights": [],
            "unitType": "al pezzo",
            "categoryId": 13432,
            "categoryName": "Vasi da giardino",
            "categorySlug": "vasi-da-giardino",
            "position": 206,
            "id": "6618270f-4bbc-4cd5-b5a0-19f4ac1f3abc"
          },
          {
            "brandText": "HOME CREATION",
            "name": "PROTEZIONE PER INSETTI PER BAMBINI",
            "description": "a scelta tra:<br/>• zanzariere per passeggino e lettino da viaggio, 2 pezzi: dimensioni 67 x 127 cm<br/>• zanzariera per lettino: dimensioni 210 x 680 cm",
            "price": { "discounted": "4,99", "priceDecimalSeparator": ",", "discountDecimalSeparator": "," },
            "productImage": "assets/11-608.png?w=300&h=207&ar=1.4492753623188406",
            "specs": [{ "src": "assets/1-1167.png?w=135&h=100&ar=1.35", "size": "large" }],
            "available": false,
            "highlights": [],
            "unitType": "al pezzo",
            "categoryId": 13496,
            "categoryName": "Insetticida",
            "categorySlug": "insetticida",
            "position": 207,
            "id": "6618270f-ccdc-4f8b-9886-2d41ac1f5aa6"
          },
          {
            "brandText": "BELAVI",
            "name": "TELO OSCURANTE",
            "description": "• per balconi: dimensioni 600 x 75 cm<br/>• per recinzioni: dimensioni 500 x 100 cm",
            "price": { "discounted": "7,99", "priceDecimalSeparator": ",", "discountDecimalSeparator": "," },
            "productImage": "assets/12-552.png?w=300&h=267&ar=1.1235955056179776",
            "available": false,
            "highlights": [],
            "unitType": "al pezzo",
            "categoryId": 13457,
            "categoryName": "Rete elettrosaldata",
            "categorySlug": "rete-elettrosaldata",
            "position": 208,
            "id": "6618270f-eb5c-4ce9-a394-18d9ac1f3abc"
          },
          {
            "name": "CELOSIA PLUMOSA",
            "description": "• in vaso da 14 cm<br/>• diversi colori disponibili",
            "price": { "discounted": "2,49", "priceDecimalSeparator": ",", "discountDecimalSeparator": "," },
            "productImage": "assets/13-481.png?w=300&h=251&ar=1.1952191235059761",
            "available": false,
            "highlights": [],
            "unitType": "al vaso",
            "categoryId": 13429,
            "categoryName": "Piante",
            "categorySlug": "piante",
            "position": 209,
            "id": "66182710-4558-4af0-8ea8-2bb6ac1f5aa6"
          },
          {
            "name": "DIPLADENIA",
            "description": "in vaso da 14 cm",
            "price": { "discounted": "3,99", "priceDecimalSeparator": ",", "discountDecimalSeparator": "," },
            "productImage": "assets/14-441.png?w=205&h=300&ar=0.6833333333333333",
            "specs": [{ "src": "assets/it_2023_14_wop_00_02-03-1.png?w=107&h=100&ar=1.07", "size": "large" }],
            "available": false,
            "highlights": [],
            "selectedBadge": "FLAG_ITA_ARROW_MEDIUM",
            "unitType": "al vaso",
            "hide": false,
            "modifier": "cell",
            "subModifier": "default",
            "productMultiImages": [],
            "categorySlug": "piante",
            "categoryName": "Piante",
            "hideBottomLine": false,
            "bundleInfo": {},
            "timing": { "create": "5/4/2024, 14:31:38", "update": "5/4/2024, 14:31:38" },
            "categoryId": 13429,
            "position": 210,
            "id": "66182710-ed68-4f38-9101-185eac1f3abc"
          },
          {
            "name": "ALBERELLO OLIVO",
            "description": "in vaso da 14 cm",
            "price": { "discounted": "8,99", "priceDecimalSeparator": ",", "discountDecimalSeparator": "," },
            "productImage": "assets/15-389.png?w=124&h=300&ar=0.41333333333333333",
            "specs": [{ "src": "assets/it_2023_14_wop_00_02-03-1.png?w=107&h=100&ar=1.07", "size": "large" }],
            "available": false,
            "highlights": [],
            "selectedBadge": "FLAG_ITA_ARROW_MEDIUM",
            "unitType": "al vaso",
            "hide": false,
            "modifier": "cell",
            "subModifier": "default",
            "productMultiImages": [],
            "categorySlug": "piante",
            "categoryName": "Piante",
            "hideBottomLine": false,
            "bundleInfo": {},
            "timing": { "create": "5/4/2024, 14:31:30", "update": "5/4/2024, 14:31:30" },
            "categoryId": 13429,
            "position": 211,
            "id": "66182710-f0f4-459c-b989-183aac1f3abc"
          }
        ],
        "id": "1712319552566_4765"
      },
      {
        "name": "Offerte del Weekend",
        "products": [
          {
            "name": "FRAGOLE ",
            "description": "",
            "price": {
              "full": "5,99",
              "discount": "-33%",
              "discounted": "3,99",
              "priceDecimalSeparator": ",",
              "discountDecimalSeparator": ","
            },
            "subName": "1 kg",
            "productImage": "assets/1-8448.png?w=300&h=285&ar=1.0526315789473684",
            "available": false,
            "highlights": [],
            "unitType": "a cassetta",
            "categoryId": 14384,
            "categoryName": "Fragole",
            "categorySlug": "fragole",
            "position": 212,
            "id": "66182711-65f4-430e-af1d-185eac1f3abc"
          },
          {
            "brandText": "IL PODERE",
            "name": "POLPETTONE CON SPECK E FORMAGGIO",
            "description": "di tacchino, pollo e suino",
            "price": {
              "full": "4,99",
              "discount": "-24%",
              "discounted": "3,79",
              "priceDecimalSeparator": ",",
              "discountDecimalSeparator": ","
            },
            "subName": "700 g - € 5,41kg",
            "productImage": "assets/aaaaaaaa-1.png?w=300&h=143&ar=2.097902097902098",
            "available": false,
            "highlights": [],
            "unitType": "a confezione",
            "categoryId": 14563,
            "categoryName": "Carne",
            "categorySlug": "carne",
            "position": 213,
            "id": "66182711-bb14-4db2-b1ae-1641ac1f3abc"
          },
          {
            "brandText": "IL TAGLIERE DEL RE",
            "name": "COTTO A CUBETTI",
            "description": "",
            "price": {
              "full": "1,42",
              "discount": "-30%",
              "discounted": "0,99",
              "priceDecimalSeparator": ",",
              "discountDecimalSeparator": ","
            },
            "subName": "2 x 75 g - € 6,60/kg",
            "productImage": "assets/3-1222.png?w=300&h=104&ar=2.8846153846153846",
            "available": false,
            "highlights": [],
            "unitType": "a confezione",
            "categoryId": 14633,
            "categoryName": "Prosciutto cotto",
            "categorySlug": "prosciutto-cotto",
            "position": 214,
            "id": "66182711-053c-4840-a770-294fac1f5aa6"
          },
          {
            "brandText": "IL TAGLIERE DEL RE",
            "name": "SUGO ALLO SCOGLIO",
            "description": "senza glutine",
            "price": {
              "full": "2,79",
              "discount": "-35%",
              "discounted": "1,79",
              "priceDecimalSeparator": ",",
              "discountDecimalSeparator": ","
            },
            "subName": "300 g - € 5,97/kg",
            "productImage": "assets/4-1110.png?w=300&h=178&ar=1.6853932584269662",
            "specs": [
              { "src": "assets/surgelato-1.png?w=81&h=100&ar=0.81", "size": "large" },
              { "src": "assets/1-4070.png?w=60&h=60&ar=1", "size": "large" }
            ],
            "available": false,
            "highlights": [],
            "unitType": "a confezione",
            "categoryId": 14719,
            "categoryName": "Sughi per pasta",
            "categorySlug": "sughi-per-pasta",
            "position": 215,
            "id": "66182712-80b4-4e7a-9748-185eac1f3abc"
          },
          {
            "brandText": "DE CECCO",
            "name": "PASTA ASSORTITA",
            "description": "• spaghetti<br/>• penne rigate<br/>• fusilli",
            "price": {
              "full": "2,45",
              "discount": "-28%",
              "discounted": "1,75",
              "priceDecimalSeparator": ",",
              "discountDecimalSeparator": ","
            },
            "subName": "1 kg",
            "productImage": "assets/5-988.png?w=287&h=300&ar=0.9566666666666667",
            "specs": [
              { "src": "assets/1-1043.png?w=100&h=100&ar=1", "size": "large" },
              { "src": "assets/banco_frigo.png?w=98&h=100&ar=0.98", "size": "large" }
            ],
            "available": false,
            "highlights": [],
            "unitType": "a confezione",
            "categoryId": 14864,
            "categoryName": "Pasta",
            "categorySlug": "pasta",
            "position": 216,
            "id": "66182712-e330-46f5-a1a7-18c2ac1f3abc"
          },
          {
            "brandText": "KOKETT",
            "name": "CARTA IGIENICA",
            "description": "• 2 veli<br/>• 20 x 200 strappi",
            "price": {
              "full": "5,19",
              "discount": "-26%",
              "discounted": "3,79",
              "priceDecimalSeparator": ",",
              "discountDecimalSeparator": ","
            },
            "subName": "150 g - € 13,27/kg",
            "productImage": "assets/6-917.png?w=300&h=152&ar=1.9736842105263157",
            "available": false,
            "highlights": [],
            "unitType": "a confezione",
            "categoryId": 15229,
            "categoryName": "Carta igienica",
            "categorySlug": "carta-igienica",
            "position": 217,
            "id": "66182713-6eb8-4b17-a37e-294fac1f5aa6"
          },
          {
            "brandText": "FERREX",
            "name": "TRAPANO A PERCUSSIONE PREMIUM A BATTERIA, 40 V",
            "description": "• luce di lavoro a LED integrata<br/>• 60 Nm<br/>• 0-500 giri/min e 0-1800 giri/min<br/>• 0-8000 impulsi/min e 0-28800 impulsi/min<br/>• batteria e caricabatterie non inclusi, disponibili presso i nostri punti vendita<br/>• non adatto all'uso professionale",
            "price": {
              "full": "59,99",
              "discount": "-16%",
              "discounted": "49,99",
              "priceDecimalSeparator": ",",
              "discountDecimalSeparator": ","
            },
            "subName": "GARANZIA 3 ANNI",
            "productImage": "assets/7-834.png?w=293&h=300&ar=0.9766666666666667",
            "specs": [
              { "src": "assets/gar.png?w=100&h=55&ar=1.8181818181818181", "size": "large" },
              { "src": "assets/40v.png?w=131&h=60&ar=2.183333333333333", "size": "large" }
            ],
            "available": false,
            "highlights": [],
            "unitType": "al pezzo",
            "categoryId": 15351,
            "categoryName": "Trapani",
            "categorySlug": "trapani",
            "position": 218,
            "id": "66182713-e064-459e-a9a2-294fac1f5aa6"
          },
          {
            "brandText": "BELAVI",
            "name": "BASE PER OMBRELLONE",
            "description": "• base di sostegno in granito con tubo in acciaio inossidabile<br/>• modello rotondo: Ø 38 cm, altezza 8,7 cm<br/>• modello quadrato: dimensioni 38 x 38 x 6,7 cm",
            "price": {
              "full": "39,99",
              "discount": "-25%",
              "discounted": "29,99",
              "priceDecimalSeparator": ",",
              "discountDecimalSeparator": ","
            },
            "subName": "GARANZIA 3 ANNI",
            "productImage": "assets/ssssaa.png?w=300&h=293&ar=1.023890784982935",
            "specs": [
              { "src": "assets/gar.png?w=100&h=55&ar=1.8181818181818181", "size": "large" },
              { "src": "assets/25kg.png?w=191&h=100&ar=1.91", "size": "large" }
            ],
            "available": false,
            "highlights": [],
            "unitType": "al pezzo",
            "categoryId": 13462,
            "categoryName": "Ombrelloni da giardino",
            "categorySlug": "ombrelloni-da-giardino",
            "position": 219,
            "id": "66182713-e398-4497-9c52-176bac1f3abc"
          },
          {
            "brandText": "LIVING STYLE",
            "name": "LIBRERIA PER BAMBINI",
            "description": "• misure: 58 x 30 x 71 cm ( L x P x A)<br/>• ripiano con 4 scomparti in tela<br/>• con pannelli laterali",
            "price": {
              "full": "29,99",
              "discount": "-33%",
              "discounted": "19,99",
              "priceDecimalSeparator": ",",
              "discountDecimalSeparator": ","
            },
            "subName": "GARANZIA 3 ANNI",
            "productImage": "assets/a-59.png?w=246&h=300&ar=0.82",
            "specs": [
              { "src": "assets/gar.png?w=100&h=55&ar=1.8181818181818181", "size": "large" },
              { "src": "assets/1-1265.png?w=251&h=100&ar=2.51", "size": "large" }
            ],
            "available": false,
            "highlights": [],
            "unitType": "al pezzo",
            "hide": false,
            "modifier": "wide",
            "subModifier": "default",
            "productMultiImages": [],
            "categorySlug": "libreria",
            "categoryName": "Libreria",
            "hideBottomLine": false,
            "bundleInfo": {},
            "timing": { "create": "5/4/2024, 14:31:58", "update": "5/4/2024, 14:31:58" },
            "categoryId": 13565,
            "position": 220,
            "id": "66182714-d16c-45bd-b3ca-2e85ac1f5aa6"
          }
        ],
        "id": "offerte_del_weekend_1712319552566_8359"
      }
    ],
    "stores": [],
    "frequentSearches": [],
    "fontSize": [],
    "fontInfo": [],
    "retailer": {
      "centerPriceVertically": false,
      "name": "Aldi",
      "logo": "assets/170403-aldi-australia-brand-logo-landscape.png?w=510&h=204&ar=2.5",
      "cssVars": [],
      "ctas": [
        {
          "label": "Condividi",
          "icon": "assets/share.svg",
          "alternate": false,
          "validity": { "web": true, "mobile": true },
          "action": { "type": "share", "url": "", "text": "Condividi", "title": "Condividi" }
        },
        {
          "label": "Aggiungi a lista",
          "icon": "assets/shoppinglist_white.svg",
          "alternate": true,
          "validity": { "web": false, "mobile": true },
          "action": { "type": "shoppinglist", "url": "", "text": "+ Lista risparmio", "title": "+ Lista risparmio" }
        }
      ]
    },
    "badges": [
      {
        "name": "flag_ita",
        "src": "assets/flag.png?w=101&h=92&ar=1.0978260869565217",
        "width": "",
        "flyoutWidth": "",
        "transformOrigin": "",
        "flyoutTransformOrigin": "",
        "translateX": "",
        "flyoutTranslateX": "",
        "translateY": "",
        "flyoutTranslateY": ""
      },
      {
        "name": "Tempo_Limitato_Flagita",
        "src": "assets/tempolimitato_flagita.png?w=152&h=150&ar=1.0133333333333334",
        "width": "",
        "flyoutWidth": "",
        "transformOrigin": "",
        "flyoutTransformOrigin": "",
        "translateX": "",
        "flyoutTranslateX": "",
        "translateY": "",
        "flyoutTranslateY": ""
      },
      {
        "name": "Tempo_Limitato",
        "src": "assets/badgetempolimitato.png?w=245&h=100&ar=2.45",
        "width": "",
        "flyoutWidth": "",
        "transformOrigin": "",
        "flyoutTransformOrigin": "",
        "translateX": "",
        "flyoutTranslateX": "",
        "translateY": "",
        "flyoutTranslateY": ""
      }
    ],
    "retailerId": 3628,
    "template": "648a02ae86ae15f16d7c9a5b",
    "templates": [
      {
        "_id": "648a02ae86ae15f16d7c9a5b",
        "name": "aldi tpl 1 giallo new full",
        "timing": { "create": "14/6/2023, 18:10:54", "update": "15/6/2023, 09:50:00" },
        "saved": true,
        "badges": [
          {
            "name": "sotto_costo",
            "src": "assets/sotto_costo.png?w=96&h=83&ar=1.1566265060240963",
            "width": "45px",
            "translateX": "45px",
            "translateY": "-45px",
            "transformOrigin": "bottom left",
            "flyoutWidth": "",
            "flyoutTranslateX": "",
            "flyoutTranslateY": "",
            "flyoutTransformOrigin": "bottom left",
            "timing": { "create": "6/3/2023, 16:35:32", "update": "18/9/2023, 09:30:59" }
          },
          {
            "name": "CARD_MERCATO",
            "src": "assets/card_mercato.png?w=300&h=218&ar=1.3761467889908257",
            "width": "50px",
            "flyoutWidth": "",
            "translateX": "40px",
            "translateY": "-40px",
            "flyoutTranslateX": "",
            "flyoutTranslateY": "",
            "transformOrigin": "bottom left",
            "flyoutTransformOrigin": "bottom left",
            "timing": { "create": "7/3/2023, 15:24:16", "update": "18/9/2023, 09:31:09" }
          },
          {
            "name": "assortimento",
            "src": "assets/assortimentoperprodottiwide.png?w=285&h=43&ar=6.627906976744186",
            "width": "100px",
            "translateX": "0",
            "translateY": "-7.4px",
            "transformOrigin": "bottom left",
            "flyoutWidth": "100px",
            "flyoutTranslateX": "0px",
            "flyoutTranslateY": "-10px",
            "flyoutTransformOrigin": "bottom left",
            "timing": { "create": "28/3/2023, 11:48:37", "update": "3/10/2023, 14:54:52" }
          },
          {
            "name": "flag_ita",
            "src": "assets/flag.png?w=101&h=92&ar=1.0978260869565217",
            "width": "30px",
            "translateX": "70px",
            "translateY": "69px",
            "transformOrigin": "bottom left",
            "flyoutWidth": "",
            "flyoutTranslateX": "",
            "flyoutTranslateY": "",
            "flyoutTransformOrigin": "bottom left",
            "timing": { "create": "28/3/2023, 16:45:21", "update": "18/9/2023, 09:31:29" }
          },
          {
            "name": "FLAG_ITA_ARROW",
            "src": "assets/flag_ooooook.png?w=101&h=92&ar=1.0978260869565217",
            "transformOrigin": "bottom left",
            "flyoutTransformOrigin": "bottom left",
            "timing": { "create": "30/3/2023, 18:17:03", "update": "18/9/2023, 09:31:53" },
            "width": "25px",
            "translateX": "6px",
            "translateY": "-5px",
            "flyoutWidth": "",
            "flyoutTranslateX": "",
            "flyoutTranslateY": ""
          },
          {
            "name": "FLAG_ITA_ARROW_MEDIUM",
            "src": "assets/flag_ooooook.png?w=101&h=92&ar=1.0978260869565217",
            "width": "30px",
            "translateX": "70px",
            "translateY": "33px",
            "transformOrigin": "bottom left",
            "flyoutTransformOrigin": "center right",
            "timing": { "create": "15/6/2023, 17:07:55", "update": "18/9/2023, 09:32:08" },
            "flyoutWidth": "",
            "flyoutTranslateX": "",
            "flyoutTranslateY": ""
          },
          {
            "name": "prodotto_stagionale",
            "src": "assets/prodotto_stagionale.jpg?w=280&h=50&ar=5.6",
            "width": "100px",
            "translateX": "0px",
            "translateY": "-15px",
            "transformOrigin": "bottom left",
            "flyoutWidth": "",
            "flyoutTranslateX": "",
            "flyoutTranslateY": "",
            "flyoutTransformOrigin": "bottom left",
            "timing": { "create": "20/6/2023, 10:04:20", "update": "18/9/2023, 09:32:15" }
          },
          {
            "name": "DAL_NOSTRO_ASSORTIMENTO_FLAG_ITA",
            "src": "assets/ban%20e%20dal%20nostro%20assortimento1r2kkkkkk1.png?w=392&h=295&ar=1.3288135593220338",
            "width": "139px",
            "translateX": "-21px",
            "translateY": "-12px",
            "transformOrigin": "bottom left",
            "flyoutWidth": "",
            "flyoutTranslateX": "",
            "flyoutTranslateY": "",
            "flyoutTransformOrigin": "bottom left",
            "timing": { "create": "10/7/2023, 11:55:24", "update": "18/9/2023, 09:32:32" }
          },
          {
            "name": "ita_flag",
            "src": "assets/flag.png?w=101&h=92&ar=1.0978260869565217",
            "width": "30px",
            "translateX": "70px",
            "translateY": "69px",
            "transformOrigin": "bottom left",
            "flyoutWidth": "",
            "flyoutTranslateX": "",
            "flyoutTranslateY": "",
            "flyoutTransformOrigin": "bottom left",
            "timing": { "create": "8/8/2023, 15:54:08", "update": "18/9/2023, 09:32:43" }
          },
          {
            "name": "dal nostro assortimento",
            "src": "assets/assortimento.png?w=285&h=43&ar=6.627906976744186",
            "width": "100px",
            "translateX": "0px",
            "translateY": "-13px",
            "transformOrigin": "bottom left",
            "flyoutWidth": "",
            "flyoutTranslateX": "",
            "flyoutTranslateY": "",
            "flyoutTransformOrigin": "bottom left",
            "timing": { "create": "8/8/2023, 15:56:09", "update": "18/9/2023, 09:32:53" }
          },
          {
            "name": "SOTTOCOSTO",
            "src": "assets/sottocostoAldikw36.png?w=150&h=32&ar=4.6875",
            "width": "100px",
            "height": "-30px",
            "translateY": "48px",
            "translateX": "0px",
            "transformOrigin": "center left",
            "flyoutTransformOrigin": "bottom left",
            "flyoutWidth": "",
            "flyoutHeight": "",
            "flyoutTranslateY": "",
            "flyoutTranslateX": "",
            "timing": { "create": "24/8/2023, 11:27:30", "update": "18/9/2023, 09:33:03" }
          },
          {
            "name": "SOTTOCOSTO_UNIT",
            "src": "assets/scostoAldikw36.png?w=150&h=32&ar=4.6875",
            "transformOrigin": "center left",
            "flyoutTransformOrigin": "bottom left",
            "flyoutTranslateY": "",
            "flyoutTranslateX": "",
            "flyoutWidth": "",
            "flyoutHeight": "",
            "width": "100px",
            "translateX": "0px",
            "translateY": "88px",
            "height": "-30px",
            "timing": { "create": "24/8/2023, 11:30:05", "update": "18/9/2023, 09:33:17" }
          },
          {
            "name": "Assortimento_flagita",
            "src": "assets/FLAGITA_S_ASSORTIMENTO.png?w=168&h=128&ar=1.3125",
            "transformOrigin": "bottom left",
            "flyoutTransformOrigin": "bottom left",
            "flyoutWidth": "100px",
            "width": "100px",
            "translateX": "",
            "translateY": "-15px",
            "flyoutTranslateX": "",
            "flyoutTranslateY": "-15px",
            "timing": { "create": "25/9/2023, 10:13:05", "update": "25/9/2023, 10:20:35" }
          },
          {
            "name": "prodotto stagionale",
            "src": "assets/prodotto_stagionale.jpg?w=280&h=50&ar=5.6",
            "width": "100px",
            "translateX": "0px",
            "translateY": "-15px",
            "transformOrigin": "bottom left",
            "flyoutTransformOrigin": "bottom left",
            "timing": { "create": "25/10/2023, 17:43:52", "update": "25/10/2023, 17:44:38" }
          },
          {
            "name": "24_NOVEMBRE",
            "src": "assets/aldinovembre24disponibileviole.jpg?w=449&h=100&ar=4.49",
            "width": "100px",
            "transformOrigin": "bottom left",
            "flyoutWidth": "100px",
            "flyoutTransformOrigin": "bottom right",
            "timing": { "create": "20/11/2023, 18:30:46", "update": "20/11/2023, 19:10:14" },
            "top": "-22px",
            "left": "",
            "translateX": "-0px",
            "flyoutTop": "-22px",
            "flyoutLeft": "21px",
            "flyoutTranslateX": "-21px",
            "flyoutTranslateY": "0px"
          },
          {
            "name": "Tempo_Limitato_Flagita",
            "src": "assets/Flagita_tempolimit_badge.png?w=152&h=150&ar=1.0133333333333334",
            "width": "134px",
            "translateX": "-21px",
            "translateY": "-37px",
            "transformOrigin": "bottom left",
            "flyoutTransformOrigin": "bottom left",
            "timing": { "create": "10/1/2024, 10:57:34", "update": "15/1/2024, 14:27:48" },
            "flyoutTranslateY": "-37px",
            "flyoutWidth": "134px"
          },
          {
            "name": "Tempo_Limitato",
            "src": "assets/atempolimitato_Badge_New.png?w=152&h=57&ar=2.6666666666666665",
            "width": "133px",
            "translateX": "-21px",
            "translateY": "-37px",
            "transformOrigin": "bottom left",
            "flyoutTransformOrigin": "bottom left",
            "timing": { "create": "10/1/2024, 10:58:47", "update": "15/1/2024, 14:27:21" },
            "flyoutWidth": "134px"
          },
          {
            "name": "EXTRAFORMATI_FLAGITA",
            "src": "assets/extraformati_flagita4.png?w=152&h=150&ar=1.0133333333333334",
            "width": "134px",
            "top": "",
            "left": "",
            "transformOrigin": "bottom left",
            "flyoutWidth": "134px",
            "translateX": "-18px",
            "translateY": "-40px",
            "flyoutTranslateY": "-37px",
            "timing": { "create": "1/2/2024, 18:32:20", "update": "5/2/2024, 18:14:28" },
            "flyoutTransformOrigin": "bottom left"
          },
          {
            "name": "EXTRAFORMATI",
            "src": "assets/badgeextraformati_new5.png?w=236&h=79&ar=2.9873417721518987",
            "width": "100px",
            "transformOrigin": "bottom left",
            "translateY": "-30px",
            "translateX": "",
            "flyoutWidth": "",
            "flyoutTransformOrigin": "bottom left",
            "timing": { "create": "1/2/2024, 18:33:18", "update": "5/2/2024, 18:11:48" }
          },
          {
            "name": "Gratis4piu2",
            "src": "assets/Gratis4piu2_new.png?w=300&h=118&ar=2.542372881355932",
            "width": "100px",
            "flyoutWidth": "134px",
            "transformOrigin": "bottom left",
            "flyoutTransformOrigin": "bottom left",
            "timing": { "create": "2/2/2024, 12:01:03", "update": "5/2/2024, 18:49:45" },
            "translateX": "",
            "translateY": "-38px",
            "flyoutTranslateY": "-37px"
          },
          {
            "name": "FLAG_ITA_SMALL",
            "src": "assets/flagitasmallblocco.png?w=101&h=92&ar=1.0978260869565217",
            "width": "30px",
            "translateX": "70px",
            "translateY": "46px",
            "transformOrigin": "bottom left",
            "flyoutTransformOrigin": "bottom left",
            "timing": { "create": "9/2/2024, 10:43:04", "update": "9/2/2024, 10:45:15" }
          },
          {
            "name": "PREZZOWOW",
            "src": "assets/badgeprezzowow_new6.png?w=236&h=79&ar=2.9873417721518987",
            "transformOrigin": "bottom left",
            "flyoutTransformOrigin": "bottom left",
            "width": "100px",
            "translateY": "-30px",
            "timing": { "create": "7/3/2024, 10:39:54", "update": "7/3/2024, 10:57:08" }
          },
          {
            "name": "XXL",
            "src": "assets/badgealdikw13xxlprova.png?w=300&h=79&ar=3.7974683544303796",
            "transformOrigin": "center right",
            "flyoutTransformOrigin": "bottom left",
            "width": "100px",
            "translateY": "-20px",
            "timing": { "create": "15/3/2024, 12:47:04", "update": "15/3/2024, 12:50:01" }
          },
          {
            "name": "XXL_ITA",
            "src": "assets/New_xxl_itaflag_Badge.png?w=152&h=150&ar=1.0133333333333334",
            "width": "136px",
            "translateX": "-20px",
            "translateY": "-35px",
            "transformOrigin": "bottom left",
            "flyoutWidth": "136px",
            "flyoutTranslateY": "-35px",
            "flyoutTransformOrigin": "bottom left",
            "timing": { "create": "28/3/2024, 16:28:20", "update": "29/3/2024, 15:57:09" }
          }
        ],
        "basePath": "https://dg5ko83jkkp0n.cloudfront.net/public/it-prod/template/648a02ae86ae15f16d7c9a5b/",
        "cssVars": {
          "bodyBackgroundColor": "rgba(255, 255, 255, 1)",
          "sectionBackgroundColor": "rgba(255, 255, 255, 1)",
          "sectionHeadingBackgroundColor": "rgba(225, 15, 33, 1)",
          "sectionHeadingTextColor": "rgba(255, 255, 255, 1)",
          "headerBackgroundColor": "rgba(21, 35, 87, 1)",
          "headerTextColor": "rgba(255, 255, 255, 1)",
          "pillBackgroundColor": "rgba(255, 255, 255, 1)",
          "pillTextColor": "rgba(21, 35, 87, 1)",
          "activePillBackgroundColor": "rgba(225, 15, 33, 1)",
          "activePillTextColor": "rgba(255, 255, 255, 1)",
          "dotColor": "rgba(255, 255, 255, 1)",
          "activeDotColor": "rgba(255, 255, 255, 1)",
          "discountedPriceColor": "rgba(0, 0, 0, 1)",
          "discountedPriceStrokeWidth": "0",
          "discountedPriceStrokeColor": "rgba(255, 255, 255, 0)",
          "discountedPriceShadowColor": "rgba(255, 255, 255, 0)",
          "priceTagTopBorderColor": "rgba(254, 240, 53, 1)",
          "priceTagTopTextColor": "rgba(0, 0, 0, 1)",
          "priceTagTopBackgroundColor": "rgba(254, 240, 53, 1)",
          "priceTagBackgroundColor": "rgba(254, 240, 53, 1)",
          "discountPriceTextColor": "",
          "discountPriceBackgroundColor": "",
          "phoneTextColor": "rgba(255, 255, 255, 1)",
          "searchInputBackgroundColor": "",
          "searchInputTextColor": "rgba(0, 0, 0, 1)",
          "searchInputCaretColor": "rgba(0, 0, 0, 1)",
          "colophonBackgroundColor": "rgba(4, 34, 93, 1)",
          "colophonTextColor": "rgba(255, 255, 255, 1)",
          "productTextColor": "rgba(0, 0, 0, 1)",
          "productSubTextColor": "rgba(0, 0, 0, 1)",
          "productBackgroundColor": "#ffffff",
          "productBackgroundAlternativeColor": "#f0f0f0",
          "productBackgroundWideColor": "rgba(240, 240, 240, 1)",
          "navShadowBackgroundColor": "rgba(21, 35, 87, 1)",
          "flyoutProductNameTextColor": "rgba(0, 0, 0, 1)",
          "flyoutProductSubNameTextColor": "rgba(0, 0, 0, 1)",
          "highlightBackgroundColor": "rgba(225, 15, 33, 1)",
          "highlightTextColor": "#FFFFFF",
          "collapsibleBlockBackgroundColor": "",
          "collapsibleBlockTextColor": "",
          "flyoutHandlerColor": "",
          "flyoutCloseBackgroundColor": "",
          "flyoutCloseIconColor": "rgba(50, 50, 50, 1)",
          "flyoutBackgroundColor": "#ffffff",
          "pairedProductBackgroundColor": "#D8D5C5",
          "availabilityTextColor": "rgba(225, 15, 33, 1)",
          "retailerLocationTextColor": "rgba(74, 74, 74, 1)",
          "flyoutShadowColor": "#999999",
          "ctaBackgroundColor": "#DBD8D8",
          "ctaTextColor": "rgba(74, 74, 74, 1)",
          "alternateCtaBackgroundColor": "rgba(225, 15, 33, 1)",
          "alternateCtaTextColor": "rgba(255, 255, 255, 1)",
          "pageSectionTitleTextColor": "rgba(255, 255, 255, 1)",
          "pageSectionBackIconColor": "#FFF",
          "pageSectionSearchIconColor": "#FFF",
          "storeAddressTextColor": "rgba(255, 255, 255, 1)",
          "storeCityTextColor": "rgba(255, 255, 255, 1)",
          "storeDistanceTextColor": "rgba(255, 255, 255, 1)",
          "storeDetailAddressTextColor": "rgba(255, 255, 255, 1)",
          "storeDetailTitleTextColor": "rgba(255, 255, 255, 1)",
          "storeOpenBadgeTextColor": "rgba(255, 255, 255, 1)",
          "storeOpenBadgeBackgroundColor": "rgba(225, 15, 33, 1)",
          "storeOpenBadgeActiveTextColor": "rgba(255, 255, 255, 1)",
          "storeOpenBadgeActiveBackgroundColor": "rgba(65, 117, 5, 1)",
          "storeDayColor": "rgba(255, 255, 255, 1)",
          "storeOpeningHoursColor": "rgba(255, 255, 255, 1)",
          "storeDetailSeparatedLineColor": "rgba(255, 255, 255, 1)",
          "timing": { "create": "22/9/2022, 12:38:50", "update": "14/6/2023, 18:21:22" }
        },
        "fontInfoCssVars": {
          "pairedProductTextFontSize": "",
          "pairedProductTextFontWeight": "",
          "pairedProductTextFontFamily": "ALDISUEDOT",
          "pairedProductTextLineHeight": "",
          "pairedProductTextLetterSpacing": "",
          "pairedProductTextTextTransform": "",
          "storeItemFontSize": "",
          "storeItemFontWeight": "",
          "storeItemFontFamily": "ALDISUEDOT",
          "storeItemLineHeight": "",
          "storeItemLetterSpacing": "",
          "storeItemTextTransform": "",
          "searchSectionTitleFontSize": "",
          "searchSectionTitleFontWeight": "",
          "searchSectionTitleFontFamily": "ALDISUEDOT",
          "searchSectionTitleLineHeight": "",
          "searchSectionTitleLetterSpacing": "",
          "searchSectionTitleTextTransform": "",
          "suggestionItemFontSize": "",
          "suggestionItemFontWeight": "",
          "suggestionItemFontFamily": "ALDISUEDOT",
          "suggestionItemLineHeight": "",
          "suggestionItemLetterSpacing": "",
          "suggestionTextTransform": "",
          "searchInputFontSize": "",
          "searchInputFontWeight": "",
          "searchInputFontFamily": "ALDISUEDOT",
          "searchInputLineHeight": "",
          "searchInputLetterSpacing": "",
          "searchInputTextTransform": "",
          "searchClearFontSize": "",
          "searchClearFontWeight": "",
          "searchClearFontFamily": "ALDISUEDOT",
          "searchClearLineHeight": "",
          "searchClearLetterSpacing": "",
          "searchClearTextTransform": "",
          "searchDataFontSize": "",
          "searchDataFontWeight": "",
          "searchDataFontFamily": "ALDISUEDOT",
          "searchDataLineHeight": "",
          "searchDataLetterSpacing": "",
          "searchDataTextTransform": "",
          "retailerLocationFontSize": "",
          "retailerLocationFontWeight": "",
          "retailerLocationFontFamily": "ALDISUEDOT",
          "retailerLocationLineHeight": "",
          "retailerLocationLetterSpacing": "",
          "retailerLocationTextTransform": "",
          "pillFontSize": "13px",
          "pillFontWeight": "700",
          "pillFontFamily": "ALDISUEDOT",
          "pillLineHeight": "",
          "pillLetterSpacing": "0.5px",
          "pillTextTransform": "uppercase",
          "searchItemFontSize": "",
          "searchItemFontWeight": "",
          "searchItemFontFamily": "ALDISUEDOT",
          "searchItemLineHeight": "",
          "searchItemLetterSpacing": "",
          "searchItemTextTransform": "",
          "flyoutProductNameFontSize": "22px",
          "flyoutProductNameFontWeight": "700",
          "flyoutProductNameFontFamily": "ALDISUEDOT",
          "flyoutProductNameLineHeight": "18px",
          "flyoutProductNameLetterSpacing": "0.2px",
          "flyoutProductNameReducedFontSize": "",
          "flyoutProductNameReducedFontWeight": "700",
          "flyoutProductNameReducedFontFamily": "ALDISUEDOT",
          "flyoutProductNameReducedLineHeight": "",
          "flyoutProductNameReducedLetterSpacing": "",
          "flyoutProductNameReducedTextTransform": "uppercase",
          "flyoutProductSubNameFontSize": "",
          "flyoutProductSubNameFontWeight": "300",
          "flyoutProductSubNameFontFamily": "ALDISUEDOT",
          "flyoutProductSubNameLineHeight": "",
          "flyoutProductSubNameLetterSpacing": "",
          "flyoutProductSubNameReducedFontSize": "",
          "flyoutProductSubNameReducedFontWeight": "300",
          "flyoutProductSubNameReducedFontFamily": "ALDISUEDOT",
          "flyoutProductSubNameReducedLineHeight": "",
          "flyoutProductSubNameReducedLetterSpacing": "",
          "flyoutProductSubNameReducedTextTransform": "",
          "flyoutProductDescriptionFontSize": "16px",
          "flyoutProductDescriptionFontWeight": "300",
          "flyoutProductDescriptionFontFamily": "ALDISUEDOT",
          "flyoutProductDescriptionLineHeight": "",
          "flyoutProductDescriptionLetterSpacing": "",
          "flyoutProductDescriptionTextTransform": "",
          "highlightsSmallFontSize": "",
          "highlightsSmallFontWeight": "",
          "highlightsSmallFontFamily": "",
          "highlightsSmallLineHeight": "",
          "highlightsSmallLetterSpacing": "",
          "highlightsSmallTextTransform": "",
          "highlightsFontSize": "",
          "highlightsFontWeight": "",
          "highlightsFontFamily": "ALDISUEDOT",
          "highlightsLineHeight": "",
          "highlightsLetterSpacing": "",
          "highlightsTextTransform": "",
          "collapsibleBlockHandlerFontSize": "",
          "collapsibleBlockHandlerFontWeight": "",
          "collapsibleBlockHandlerFontFamily": "ALDISUEDOT",
          "collapsibleBlockHandlerLineHeight": "",
          "collapsibleBlockHandlerLetterSpacing": "",
          "collapsibleBlockHandlerTextTransform": "",
          "ctaFontSize": "",
          "ctaFontWeight": "",
          "ctaFontFamily": "ALDISUEDOT",
          "ctaLineHeight": "",
          "ctaLetterSpacing": "",
          "ctaTextTransform": "",
          "discountFontSize": "14px",
          "discountFontWeight": "",
          "discountFontFamily": "ALDISUEDOT",
          "discountLineHeight": "",
          "discountLetterSpacing": "",
          "discountTextTransform": "",
          "discountSmallFontSize": "12px",
          "discountSmallFontWeight": "700",
          "discountSmallFontFamily": "ALDISUEDOT",
          "discountSmallLineHeight": "",
          "discountSmallLetterSpacing": "",
          "discountSmallTextTransform": "",
          "fullFontSize": "11.5px",
          "fullFontWeight": "700",
          "fullFontFamily": "ALDISUEDOT",
          "fullLineHeight": "",
          "fullLetterSpacing": "",
          "fullTextTransform": "",
          "discountedSvgFontSize": "",
          "discountedSvgFontWeight": "",
          "discountedSvgFontFamily": "",
          "discountedSvgLineHeight": "",
          "discountedSvgLetterSpacing": "",
          "discountedSvgTextTransform": "",
          "availabilityFontSize": "",
          "availabilityFontWeight": "",
          "availabilityFontFamily": "ALDISUEDOT",
          "availabilityLineHeight": "",
          "availabilityLetterSpacing": "",
          "availabilityTextTransform": "",
          "blockFontSize": "",
          "blockFontWeight": "",
          "blockFontFamily": "ALDISUEDOT",
          "blockLineHeight": "",
          "blockLetterSpacing": "",
          "blockTextTransform": "",
          "colophonFontSize": "14px",
          "colophonFontWeight": "300",
          "colophonFontFamily": "ALDISUEDOT",
          "colophonLineHeight": "18px",
          "colophonLetterSpacing": "",
          "colophonTextTransform": "",
          "sectionHeaderFontSize": "20px",
          "sectionHeaderFontWeight": "700",
          "sectionHeaderFontFamily": "ALDISUEDOT",
          "sectionHeaderLineHeight": "80px",
          "sectionHeaderLetterSpacing": "0.5px",
          "sectionHeaderTextTransform": "uppercase",
          "productCellSingleNameFontSize": "13px",
          "productCellSingleNameFontWeight": "700",
          "productCellSingleNameFontFamily": "ALDISUEDOT",
          "productCellSingleNameLineHeight": "12px",
          "productCellSingleNameLetterSpacing": "0px",
          "productCellSingleNameTextTransform": "uppercase",
          "productCellWideNameFontSize": "15px",
          "productCellWideNameFontWeight": "700",
          "productCellWideNameFontFamily": "ALDISUEDOT",
          "productCellWideNameLineHeight": "15px",
          "productCellWideNameLetterSpacing": "0px",
          "productCellWideNameTextTransform": "uppercase",
          "productCellSingleSubNameFontSize": "12px",
          "productCellSingleSubNameFontWeight": "300",
          "productCellSingleSubNameFontFamily": "ALDISUEDOT",
          "productCellSingleSubNameLineHeight": "12px",
          "productCellSingleSubNameLetterSpacing": "",
          "productCellSingleSubNameTextTransform": "initial",
          "productCellWideSubNameFontSize": "12px",
          "productCellWideSubNameFontWeight": "300",
          "productCellWideSubNameFontFamily": "ALDISUEDOT",
          "productCellWideSubNameLineHeight": "12px",
          "productCellWideSubNameLetterSpacing": "",
          "productCellWideSubNameTextTransform": "initial",
          "priceTagDiscountedFontSize": "38px",
          "priceTagDiscountedFontWeight": "700",
          "priceTagDiscountedFontFamily": "ALDISUEDOT",
          "priceTagDiscountedLineHeight": "",
          "priceTagDiscountedLetterSpacing": "-0.3px",
          "priceTagDiscountedTextTransform": "",
          "timing": { "create": "22/9/2022, 12:59:55", "update": "5/7/2023, 12:14:41" },
          "highlightsSmallFontFami": "ALDISUEDOT",
          "highlightsSmallFontWeig": "",
          "flyoutProductNameTextTransform": "uppercase"
        },
        "fonts": {
          "source": "webfont.css",
          "families": [
            { "name": "ALDISUEDOT", "source": "fonts/ALDISUEDOT_Regular.woff" },
            { "name": "ALDISUEDOT", "source": "fonts/ALDISUEDOT_Regular.woff2" },
            { "name": "ALDISUEDOT_Bold", "source": "fonts/ALDISUEDOT_Bold.woff" },
            { "name": "ALDISUEDOT_Bold", "source": "fonts/ALDISUEDOT_Bold.woff2" },
            { "name": "ALDISUEDOT_Black", "source": "fonts/ALDISUEDOT_Black.woff" },
            { "name": "ALDISUEDOT_Black", "source": "fonts/ALDISUEDOT_Black.woff2" }
          ],
          "timing": { "create": "22/9/2022, 12:59:40", "update": "23/3/2023, 15:54:20" }
        },
        "priceInfo": {
          "priceTagWidth": 100,
          "priceTagHeight": null,
          "centerPriceVertically": true,
          "priceDecimalSeparator": ".",
          "discountDecimalSeparator": ".",
          "priceTrasform": "scaleX(1) translateX(-40%) translateY(-50%)",
          "timing": { "create": "22/9/2022, 12:56:29", "update": "5/2/2024, 18:15:35" }
        },
        "productInfo": {
          "iconPlusActive": true,
          "iconPlusWidth": "50px",
          "iconPlusHeight": "50px",
          "iconPlusLevel": 2,
          "iconPlusImage": "assets/plus-white.png?w=550&h=550&ar=1",
          "iconPlusPositionX": "50%",
          "iconPlusPositionY": "50%",
          "iconPlusAnimationDuration": "0.7s",
          "iconPlusBlinkTimes": 3,
          "iconPlusOpacity": "90%",
          "singleCellHeight": "300",
          "wideCellHeight": "",
          "formatPrice": "type12",
          "bottomSheetSingleMode": false,
          "timing": { "create": "22/9/2022, 12:55:33", "update": "12/12/2023, 18:57:52" }
        },
        "retailerInfo": {
          "logo": "assets/170403-aldi-australia-brand-logo-landscape.png?w=510&h=204&ar=2.5",
          "icon": "",
          "favicon": "",
          "performanceCheckLimit": 300,
          "timing": { "create": "14/6/2023, 18:10:54", "update": "14/6/2023, 18:10:54" }
        },
        "retailerId": 3628
      }
    ],
    "templatesComponents": [],
    "basePath": "https://dg5ko83jkkp0n.cloudfront.net/public/it-prod/3628/660fec2d4fab3cc5e7f3ada9/",
    "version": 2,
    "saved": true,
    "numRetrys": 0,
    "active": true,
    "jobExecution": { "autoTagged": true },
    "status": "processed",
    "childrenFlyerId": [],
    "id": 1157573,
    "parentFlyerId": 1157573,
    "state": "PROCESSED",
    "gbiAssociationId": "661826bdd005d2a2c5a4bbae"
  }
}
