{
  "value": {
    "_id": "65a51473e4dce6118d051d76",
    "dateFrom": "2024-01-22T00:00:00+00:00",
    "dateTo": "2024-01-28T00:00:00+00:00",
    "colophon": "Offerte valide fino ad esaurimento scorte. Le immagini hanno valore puramente illustrativo. Descrizioni e prezzi validi salvo errori e omissioni di stampa. Le offerte sono limitate all’acquisto di quantitativi a uso familiare.<br/><br/>NOTE LEGALI: Sul sito aldi.it all’interno della sezione “Servizi” e della sottosezione “Informazioni” sono disponibili i dettagli per usufruire del servizio “Resi e Rimborsi” e le informazioni sulle singole Garanzie Convenzionali eventualmente offerte per specifici prodotti tramite la sezione “Portale Garanzia”. Queste opportunità lasciano sempre disponibili i diritti del consumatore offerti dalla garanzia legale e illustrati nella sezione del sito “Garanzia legale per il consumatore”. Offerte valide fino ad esaurimento scorte. Le immagini hanno valore puramente illustrativo. Descrizioni e prezzi validi salvo errori e omissioni di stampa. Le offerte sono limitate all’acquisto di quantitativi a uso familiare.",
    "coverImage": "assets/pixelspace-3.png?w=768&h=1&ar=768",
    "backcoverImage": "assets/banner_spendi_meno-2-1-1-1.jpg?w=768&h=171&ar=4.491228070175438",
    "columnsCount": 2,
    "sections": [
      {
        "name": "",
        "products": [
          {
            "name": "Banner",
            "type": "image",
            "tracking": true,
            "props": {
              "src": "assets/aldikw04cover2024.png?w=768&h=407&ar=1.886977886977887",
              "modifier": "wide"
            },
            "timing": {
              "create": "15/1/2024, 12:44:51",
              "update": "15/1/2024, 12:44:51"
            },
            "modifier": "wide",
            "position": 0
          },
          {
            "name": "Banner2",
            "type": "multiImages",
            "tracking": true,
            "props": {
              "title": "Magic 6 Lite",
              "headerBackgroundColor": "#101E3F",
              "bodyBackgroundColor": "#fff",
              "textColor": "#fff",
              "height": "400px",
              "src": [
                "assets/3-736.webp?w=300&h=246&ar=1.2195121951219512",
                "assets/aldikw04cover2024.webp?w=768&h=407&ar=1.88697788697788",
                "assets/3-740.png?w=259&h=300&ar=0.8633333333333333",
                "assets/aldikw04cover2024.png?w=768&h=407&ar=1.886977886977887, assets/aldikw04cover2024.png?w=768&h=407&ar=1.886977886977887",
                "https://s3-alpha-sig.figma.com/img/67a8/077a/65a2bc25f403e1c9bc58294f0c84b28d?Expires=1709510400&Key-Pair-Id=APKAQ4GOSFWCVNEHN3O4&Signature=jet-phiSgwJeSfCUpxzCew81rQBYE4JntNLAdPV5dbJTu5xcgRxQl08VPdjvcocrPYBuYCWf6JLz4ylESmksV1qH5BVufKZ8YTI30K6KjpJTJzgk4vkZ05cpckRlMpt7qa2KTCjci0vNbyH8cV1WUYMb0RJpNnvRXVqEHO7Jet2c0HkdjuhquLtW0DijEKoCcaiRyfhblOyUPr08MEV1kz4s6XVusfvthXBTlF1w1xiPBLzrfV-964pLM~FmxI6TBXrBR00ZNDuOWw7RRBVtfmueXQF6BrxE2Fx-QsZVdXImXnMsySjr11mErtdyxLyW6H3hF~2UQ8z-uR6yKdDZIQ__",
                "https://s3-alpha-sig.figma.com/img/fbf2/6442/f74f1df3e60f2d8501fa0d5173b87b6d?Expires=1709510400&Key-Pair-Id=APKAQ4GOSFWCVNEHN3O4&Signature=hADk2l8OsnBN5il-oLIwxSNaPWW~KpH1vC4ZEXw-WAZTPwbkGV7-jCcB~qK3I2j40u898tLwt1zEt0zQBX0f1FWNMwrZDzUtxu9ZKm7rY6HCG704pVTj7FAwKVePnDAzpraSYoKZ~npYvBnUHvStiFycKNO6as3XaByky~a2SPoqe5p5opQ~hBI0V2ENpTTabRYicAq9TQ8fLDT8C8rBaZRNWJMpJz81gzbZMu288lvVu5yXiimBBIXzi9qb0H3ygCj-fmqugPTeCogG125-ZIfNCxd1uRx1ghkjEMkK8crpMDRGwEGnWrpdZ~S64j6hPsMT6VEenEvUqvp7hmhvzw__",
                "https://s3-alpha-sig.figma.com/img/67a8/077a/65a2bc25f403e1c9bc58294f0c84b28d?Expires=1709510400&Key-Pair-Id=APKAQ4GOSFWCVNEHN3O4&Signature=jet-phiSgwJeSfCUpxzCew81rQBYE4JntNLAdPV5dbJTu5xcgRxQl08VPdjvcocrPYBuYCWf6JLz4ylESmksV1qH5BVufKZ8YTI30K6KjpJTJzgk4vkZ05cpckRlMpt7qa2KTCjci0vNbyH8cV1WUYMb0RJpNnvRXVqEHO7Jet2c0HkdjuhquLtW0DijEKoCcaiRyfhblOyUPr08MEV1kz4s6XVusfvthXBTlF1w1xiPBLzrfV-964pLM~FmxI6TBXrBR00ZNDuOWw7RRBVtfmueXQF6BrxE2Fx-QsZVdXImXnMsySjr11mErtdyxLyW6H3hF~2UQ8z-uR6yKdDZIQ__",
                "https://picsum.photos/758/758"
              ],
              "icon": "https://s3-alpha-sig.figma.com/img/b20e/931a/c2f59f7bd70ffe4d6df88dd5a2acd732?Expires=1709510400&Key-Pair-Id=APKAQ4GOSFWCVNEHN3O4&Signature=TJhXcLW0OGY7azrHG4GKOq4LGRA3nrwGgcD6BWemhw~1F0sicEBJEmRJI1n~ULZyeKtOIXLiSGhCtKMKJBhkGWhOGadtAFH89LclOrE5HpDkBOjhmH1Z9hGFQ5hPEFJLzVS7Vd7hovMG6qGd40RGUMGf-9RSuZxgtn7BEUY21XJ7zWqPY23ZEdXhL4xpuAInajkpEPkLcrxDSRTuq7OqMjvz01TfyK0WFU3XW002ddMQJOXZvcEyzN9GjGcAwp2mhB0ECjgA6dn~4g9tqkyBEBbMjNzVt2Wrw-YisSyOCXN5mmcGaW7Si3llYWEPu8IFepeIv08dx81nibz9Nm~C2A__",
              "modifier": "wide"
            },
            "timing": {
              "create": "15/1/2024, 12:44:51",
              "update": "15/1/2024, 12:44:51"
            },
            "modifier": "wide",
            "position": 0
          },
          {
            "brandText": "IL PODERE CARNE AVICOLA",
            "name": "COTOLETTA DI POLLO",
            "description": "",
            "children": [
              {
                "name": "100 g - € 6/kg",
                "price": {
                  "full": "10,00",
                  "discount": "-10%",
                  "discounted": "1,49",
                  "priceDecimalSeparator": ",",
                  "discountDecimalSeparator": ","
                },
                "productImage": "https://dg5ko83jkkp0n.cloudfront.net/public/it-prod/3628/65a51473e4dce6118d051d76/assets/4-678.webp?w=72&h=300&ar=0.24"
              },
              {
                "name": "salame 2",
                "subName": "salame 2 sub",
                "productImage": "https://dg5ko83jkkp0n.cloudfront.net/public/it-prod/3628/65a51473e4dce6118d051d76/assets/4-678.webp?w=72&h=300&ar=0.24",
                "productMultiImages": [
                  "assets/5-607.png?w=243&h=300&ar=0.81",
                  "assets/6-556.webp?w=300&h=162&ar=1.8518518518518519"
                ]
              },
              {
                "name": "tre",
                "productImage": "https://dg5ko83jkkp0n.cloudfront.net/public/it-prod/3628/65a51473e4dce6118d051d76/assets/6-556.webp?w=300&h=162&ar=1.8518518518518519"
              },
              {
                "name": "quarto",
                "productImage": "https://dg5ko83jkkp0n.cloudfront.net/public/it-prod/3628/65a51473e4dce6118d051d76/assets/6-556.webp?w=300&h=162&ar=1.8518518518518519"
              }
            ],
            "price": {
              "full": "2,49",
              "discount": "-36%",
              "discounted": "1,59",
              "priceDecimalSeparator": ",",
              "discountDecimalSeparator": ","
            },
            "subName": "440 g - € 3,61/kg",
            "productImage": "assets/1-5489.png?w=300&h=217&ar=1.3824884792626728",
            "productMultiImages": [
              "assets/2-906.png?w=139&h=300&ar=0.4633333333333333",
              "assets/3-736.png?w=300&h=246&ar=1.2195121951219512"
            ],
            "specs": [
              {
                "src": "assets/100_carne_italiana.png?w=100&h=100&ar=1",
                "size": "large"
              }
            ],
            "available": true,
            "highlights": [],
            "selectedBadge": "flag_ita",
            "unitType": "a confezione",
            "modifier": "wide",
            "textColor": "rgba(255, 255, 255, 1)",
            "subTextColor": "rgba(255, 255, 255, 1)",
            "flyoutTextColor": "rgba(0, 0, 0, 1)",
            "flyoutSubTextColor": "rgba(0, 0, 0, 1)",
            "hideBottomLine": false,
            "timing": {
              "create": "15/1/2024, 12:26:17",
              "update": "15/1/2024, 12:46:05"
            },
            "categoryId": 14602,
            "position": 1,
            "id": "65aaa77d-1f5c-414c-80eb-1ec8ac1f3abc"
          },
          {
            "brandText": "HAPPY HARVEST",
            "name": "MANDORLE SGUSCIATE",
            "description": "",
            "price": {
              "full": "1,49",
              "discount": "-40%",
              "discounted": "0,89",
              "priceDecimalSeparator": ",",
              "discountDecimalSeparator": ","
            },
            "subName": "100 g - € 8,90/kg",
            "productImage": "assets/2-906.png?w=139&h=300&ar=0.4633333333333333",
            "productMultiImages": [
              "assets/5-607.png?w=243&h=300&ar=0.81",
              "assets/6-556.webp?w=300&h=162&ar=1.8518518518518519"
            ],
            "available": false,
            "highlights": [],
            "unitType": "a confezione",
            "modifier": "wide",
            "textColor": "rgba(255, 255, 255, 1)",
            "subTextColor": "rgba(255, 255, 255, 1)",
            "flyoutTextColor": "rgba(0, 0, 0, 1)",
            "flyoutSubTextColor": "rgba(0, 0, 0, 1)",
            "hideBottomLine": false,
            "timing": {
              "create": "15/1/2024, 12:26:09",
              "update": "15/1/2024, 12:46:24"
            },
            "categoryId": 14405,
            "position": 2,
            "id": "65aaa77e-f974-4f86-b664-39d0ac1f48fc"
          },
          {
            "brandText": "LA CESTA",
            "name": "PIADINA ARROTOLABILISSIMA",
            "description": "",
            "price": {
              "full": "1,39",
              "discount": "-50%",
              "discounted": "0,69",
              "priceDecimalSeparator": ",",
              "discountDecimalSeparator": ","
            },
            "subName": "330 g - € 2,09/kg",
            "productImage": "assets/3-736.png?w=300&h=246&ar=1.2195121951219512",
            "available": false,
            "highlights": [],
            "unitType": "a confezione",
            "modifier": "wide",
            "textColor": "rgba(255, 255, 255, 1)",
            "subTextColor": "rgba(255, 255, 255, 1)",
            "flyoutTextColor": "rgba(0, 0, 0, 1)",
            "flyoutSubTextColor": "rgba(0, 0, 0, 1)",
            "hideBottomLine": false,
            "timing": {
              "create": "15/1/2024, 12:20:12",
              "update": "15/1/2024, 12:46:39"
            },
            "categoryId": 14746,
            "position": 3,
            "id": "65aaa77e-6670-44c2-9c29-3b18ac1f48fc"
          },
          {
            "name": "banner",
            "type": "image",
            "tracking": true,
            "props": {
              "src": "assets/BOOoM_occasioni_ALDIKW03.png?w=768&h=417&ar=1.841726618705036",
              "modifier": "wide"
            },
            "timing": {
              "create": "15/1/2024, 12:44:25",
              "update": "15/1/2024, 12:44:25"
            },
            "modifier": "wide",
            "position": 4
          },
          {
            "brandText": "NOVITESSE",
            "name": "CUSCINO PER CERVICALE",
            "description": "",
            "price": {
              "discounted": "12,99",
              "priceDecimalSeparator": ",",
              "discountDecimalSeparator": ","
            },
            "subName": "DA LUNEDÌ 22.01",
            "productImage": "assets/4-674.png?w=300&h=211&ar=1.4218009478672986",
            "available": false,
            "highlights": [],
            "unitType": "al pezzo",
            "modifier": "wide",
            "textColor": "rgba(255, 255, 255, 1)",
            "subTextColor": "rgba(255, 255, 255, 1)",
            "flyoutTextColor": "rgba(0, 0, 0, 1)",
            "flyoutSubTextColor": "rgba(0, 0, 0, 1)",
            "hideBottomLine": false,
            "timing": {
              "create": "15/1/2024, 12:26:03",
              "update": "25/1/2024, 16:59:07"
            },
            "categoryId": 15127,
            "position": 5,
            "id": "65aaa77f-0164-4c92-8eb3-2748ac1f3abc"
          },
          {
            "id": "65b38ff5-0b04-4ee5-ab2a-7795ac1f5aa6",
            "name": "LAMPADA DA LAVORO XXL A LED",
            "subName": "DA GIOVEDÌ 25.01",
            "unitType": "al pezzo",
            "highlightedDiscount": false,
            "brandImage": "",
            "description": "• 2 lampade autonome da usare singolarmente o in combinazione\n• 1 batteria a litio da 2000 mAh per ogni lampada\n• cavo di ricarica USB incluso",
            "productImage": "assets/LAMPADA-DA-LAVORO-XXL-A-LED.png?w=300&h=105&ar=2.857142857142857",
            "modifier": "wide",
            "price": {
              "full": "",
              "discount": "",
              "discounted": "29,99",
              "discountDecimalSeparator": ",",
              "discountedPriceStrokeWidth": "",
              "discountedPriceColor": "",
              "discountedPriceStrokeColor": "",
              "discountedPriceShadowColor": "",
              "priceTagTopBorderColor": "",
              "priceTagTopTextColor": "",
              "priceTagTopBackgroundColor": "",
              "discountPriceTextColor": "",
              "discountPriceBackgroundColor": "",
              "priceTagBackgroundColor": "rgba(254, 240, 53, 1)",
              "priceTagTextColor": "",
              "priceTagBorderColor": "",
              "unitTypeTextColor": "",
              "unitTypeBackgroundColor": "",
              "discountedCurrencyTextColor": "",
              "discountedCurrencyBackgroundColor": "",
              "priceCurrencyTextColor": "",
              "priceCurrencyBackgroundColor": ""
            },
            "collapsibleSections": [],
            "brandText": "WORKZONE",
            "textColor": "rgba(255, 255, 255, 1)",
            "subTextColor": "rgba(255, 255, 255, 1)",
            "flyoutTextColor": "rgba(0, 0, 0, 1)",
            "flyoutSubTextColor": "rgba(0, 0, 0, 1)",
            "categoryId": 15294,
            "hideBottomLine": false,
            "timing": {
              "create": "26/1/2024, 11:49:33",
              "update": "26/1/2024, 11:51:22"
            },
            "position": 6
          }
        ],
        "id": "1705318723054",
        "backgroundPattern": "assets/bg_extraformati_kw03aldi.jpg?w=768&h=3500&ar=0.21942857142857142",
        "timing": {
          "create": "15/1/2024, 12:44:05",
          "update": "15/1/2024, 12:44:05"
        }
      },
      {
        "name": "Offerte in Evidenza",
        "products": [
          {
            "brandText": "REGIONE CHE VAI",
            "name": "PECORINO ROSSO DI PIENZA",
            "subModifier": "img_squared_pb_vertical",
            "description": "TEARS OF THE KINGDOM KINGDOM TEARS OF THE KINGDOM KINGDOM THE DSLFJSDL TEARS OF THE KINGDOM KINGDOM TEARS OF THE KINGDOM KINGDOM THE DSLFJSDL TEARS OF THE KINGDOM KINGDOM TEARS OF THE KINGDOM KINGDOM THE DSLFJSDL TEARS OF THE KINGDOM KINGDOM TEARS OF THE KINGDOM KINGDOM THE DSLFJSDL TEARS OF THE KINGDOM KINGDOM TEARS OF THE KINGDOM KINGDOM THE DSLFJSDL TEARS OF THE KINGDOM KINGDOM TEARS OF THE KINGDOM KINGDOM THE DSLFJSDL",
            "price": {
              "full": "4,99",
              "discount": "-30%",
              "discounted": "3,49",
              "priceDecimalSeparator": ",",
              "discountDecimalSeparator": ",",
              "formatPrice": "type42"
            },
            "subName": "Offerta valida dal luglio al 27 agosto 2023",
            "productImage": "assets/1-5495.png?w=300&h=300&ar=1",
            "productMultiImages": [
              "assets/2-906.png?w=139&h=300&ar=0.4633333333333333",
              "assets/3-736.png?w=300&h=246&ar=1.2195121951219512"
            ],
            "specs": [
              {
                "src": "assets/1-1042.png?w=100&h=100&ar=1",
                "size": "large"
              }
            ],
            "available": false,
            "highlights": [],
            "selectedBadge": "flag_ita",
            "unitType": "al pezzo",
            "categoryId": 14554,
            "position": 7,
            "id": "65aaa77f-4bb8-409a-b189-399aac1f48fc",
            "children": [
              {
                "name": "100 g - € 6/kg",
                "variantPreviewTitle": "variant title",
                "price": {
                  "full": "695,95",
                  "discount": "-90€",
                  "discounted": "605,95€",
                  "priceDecimalSeparator": ",",
                  "discountDecimalSeparator": ",",
                  "priceTagWidth": 100
                },
                "productImage": "https://dg5ko83jkkp0n.cloudfront.net/public/it-prod/3628/65a51473e4dce6118d051d76/assets/4-678.webp?w=72&h=300&ar=0.24"
              },
              {
                "name": "salame 2",
                "subName": "salame 2 sub",
                "productImage": "https://dg5ko83jkkp0n.cloudfront.net/public/it-prod/3628/65a51473e4dce6118d051d76/assets/4-678.webp?w=72&h=300&ar=0.24",
                "productMultiImages": [
                  "assets/5-607.png?w=243&h=300&ar=0.81",
                  "https://dg5ko83jkkp0n.cloudfront.net/public/it-prod/3628/65a51473e4dce6118d051d76/assets/6-556.webp?w=300&h=162&ar=1.8518518518518519"
                ],
                "price": {
                  "full": "695,95",
                  "discount": "-90€",
                  "discounted": "605,95€",
                  "priceDecimalSeparator": ",",
                  "discountDecimalSeparator": ",",
                  "priceTagWidth": 100
                }
              },
              {
                "name": "tre",
                "productImage": "https://dg5ko83jkkp0n.cloudfront.net/public/it-prod/3628/65a51473e4dce6118d051d76/assets/6-556.webp?w=300&h=162&ar=1.8518518518518519"
              },
              {
                "name": "quarto",
                "productImage": "https://dg5ko83jkkp0n.cloudfront.net/public/it-prod/3628/65a51473e4dce6118d051d76/assets/6-556.webp?w=300&h=162&ar=1.8518518518518519"
              }
            ]
          },
          {
            "name": "SALMONE SELVAGGIO SOCKEYE",
            "subModifier": "img_squared_pb_horizontal",
            "subName": "Offerta valida dal 6 luglio al 27 agosto 2023 27 agosto 202327 agosto 2023",
            "description": "affumicato",
            "price": {
              "full": "4,99",
              "discount": "-30%",
              "discounted": "3,49",
              "priceDecimalSeparator": ",",
              "discountDecimalSeparator": ",",
              "formatPrice": "type48"
            },
            "children": [
              {
                "id": 1,
                "name": "test"
              }
            ],
            "productImage": "assets/3-740.png?w=259&h=300&ar=0.8633333333333333",
            "specs": [
              {
                "src": "assets/mscorizzontale.png?w=141&h=60&ar=2.35",
                "size": "large"
              },
              {
                "src": "assets/banco_frigo.png?w=98&h=100&ar=0.98",
                "size": "large"
              }
            ],
            "available": false,
            "highlights": [],
            "unitType": "a confezione",
            "brandText": "ALMARE SEAFOOD",
            "modifier": "cell",
            "hideBottomLine": false,
            "timing": {
              "create": "15/1/2024, 12:25:42",
              "update": "15/1/2024, 12:25:42"
            },
            "categoryId": 14912,
            "position": 9,
            "id": "65aaa780-8710-4d5e-aee8-2553ac1f3abc"
          },
          {
            "name": "FORMAGGIO IN SALAMOIA XXX",
            "description": "",
            "price": {
              "full": "2,49",
              "discount": "-40%",
              "discounted": "1,49",
              "priceDecimalSeparator": ",",
              "discountDecimalSeparator": ",",
              "formatPrice": "type42"
            },
            "subModifier": "img_squared_pb_vertical_over",
            "children": [
              {
                "name": "100 g - € 6/kg",
                "price": {
                  "full": "10,00",
                  "discount": "-10%",
                  "discounted": "1,49",
                  "priceDecimalSeparator": ",",
                  "discountDecimalSeparator": ","
                },
                "productImage": "https://dg5ko83jkkp0n.cloudfront.net/public/it-prod/3628/65a51473e4dce6118d051d76/assets/4-678.webp?w=72&h=300&ar=0.24"
              },
              {
                "name": "salame 2",
                "subName": "salame 2 sub",
                "productImage": "https://dg5ko83jkkp0n.cloudfront.net/public/it-prod/3628/65a51473e4dce6118d051d76/assets/4-678.webp?w=72&h=300&ar=0.24",
                "productMultiImages": [
                  "assets/5-607.png?w=243&h=300&ar=0.81",
                  "https://dg5ko83jkkp0n.cloudfront.net/public/it-prod/3628/65a51473e4dce6118d051d76/assets/6-556.webp?w=300&h=162&ar=1.8518518518518519"
                ]
              },
              {
                "name": "tre",
                "productImage": "https://dg5ko83jkkp0n.cloudfront.net/public/it-prod/3628/65a51473e4dce6118d051d76/assets/6-556.webp?w=300&h=162&ar=1.8518518518518519"
              },
              {
                "name": "quarto",
                "productImage": "https://dg5ko83jkkp0n.cloudfront.net/public/it-prod/3628/65a51473e4dce6118d051d76/assets/6-556.webp?w=300&h=162&ar=1.8518518518518519"
              }
            ],
            "subName": "250 g - € 5,96/kg",
            "productImage": "assets/2-910.png?w=221&h=300&ar=0.7366666666666667",
            "available": false,
            "highlights": [],
            "unitType": "al pezzo",
            "categoryId": 14529,
            "position": 8,
            "id": "65aaa780-bfd8-40fe-b645-2709ac1f3abc"
          },
          {
            "brandText": "IL TAGLIERE DEL RE",
            "name": "SALAME NOSTRANO",
            "subModifier": "img_squared_pb_horizontal_over",
            "description": "",
            "price": {
              "full": "4,49",
              "discount": "-22%",
              "discounted": "3,49",
              "priceDecimalSeparator": ",",
              "discountDecimalSeparator": ",",
              "formatPrice": "type42"
            },
            "subName": "500 g - € 6,98/kg",
            "productImage": "assets/4-678.png?w=72&h=300&ar=0.24",
            "available": false,
            "highlights": [],
            "unitType": "al pezzo",
            "categoryId": 14629,
            "position": 10,
            "id": "65aaa781-82d4-46f0-bb8a-39d0ac1f48fc"
          },
          {
            "brandText": "REGIONE CHE VAI",
            "name": "CARNE SALADA",
            "subModifier": "img_rectangular_pb_horizontal",
            "brandImage": "https://dg5ko83jkkp0n.cloudfront.net/public/it-prod/1047/6581a2380761f88d46e85474/assets/fabbriportauto.webp?w=208&h=60&ar=3.466666666666667",
            "description": "TEARS OF THE KINGDOM KINGDOM TEARS OF THE KINGDOM KINGDOM THE DSLFJSDL TEARS OF THE KINGDOM KINGDOM TEARS OF THE KINGDOM KINGDOM THE DSLFJSDL TEARS OF",
            "price": {
              "full": "2,99",
              "discount": "-16%",
              "discounted": "2,49",
              "priceDecimalSeparator": ",",
              "discountDecimalSeparator": ",",
              "formatPrice": "type42"
            },
            "subName": "100 g - € 24,90/kg",
            "productImage": "assets/5-607.png?w=243&h=300&ar=0.81",
            "available": false,
            "highlights": [],
            "unitType": "a confezione",
            "categoryId": 14563,
            "position": 11,
            "id": "65aaa781-fa0c-405d-b449-2553ac1f3abc"
          },
          {
            "brandText": "IL TAGLIERE DEL RE",
            "name": "GIRO GIROTONDE GIRO GIROTONDE GIRO GIROTONDE GIRO GIROTONDE GIRO GIROTONDE GIRO GIROTONDE GIRO GIROTONDE",
            "brandImage": "https://dg5ko83jkkp0n.cloudfront.net/public/it-prod/1047/6581a2380761f88d46e85474/assets/fabbriportauto.webp?w=208&h=60&ar=3.466666666666667",
            "description": "TEARS OF THE KINGDOM KINGDOM TEARS OF THE KINGDOM KINGDOM THE DSLFJSDL TEARS OF THE KINGDOM KINGDOM TEARS OF THE KINGDOM KINGDOM THE DSLFJSDL TEARS OF",
            "price": {
              "full": "1,89",
              "discount": "-21%",
              "discounted": "1,49",
              "priceDecimalSeparator": ",",
              "discountDecimalSeparator": ","
            },
            "subName": "2 x 75 g - € 9,93/kg",
            "productImage": "assets/6-556.png?w=300&h=162&ar=1.8518518518518519",
            "available": false,
            "highlights": [],
            "unitType": "a confezione",
            "categoryId": 14609,
            "position": 12,
            "id": "65aaa781-3518-4069-9c94-275bac1f3abc"
          },
          {
            "brandText": "GUT DREI EICHEN",
            "name": "POLPETTE ASSORTITE",
            "subModifier": "img_rectangular_pb_vertical_over",
            "description": "TEARS OF THE KINGDOM KINGDOM TEARS TEARS OF THE KINGDOM KINGDOM TEARS TEARS OF THE KINGDOM KINGDOM TEARS OF THE KINGDOM KINGDOM THE DSLFJSDL TEARS OF THE KINGDOM KINGDOM TEARS OF THE KINGDOM KINGDOM THE DSLFJSDL TEARS OF",
            "price": {
              "full": "3,49",
              "discount": "-22%",
              "discounted": "2,69",
              "priceDecimalSeparator": ",",
              "discountDecimalSeparator": ",",
              "formatPrice": "type42"
            },
            "subName": "500 g - € 5,38/kg",
            "productImage": "assets/7-499.png?w=177&h=300&ar=0.59",
            "available": false,
            "highlights": [],
            "unitType": "a confezione",
            "categoryId": 15871,
            "position": 13,
            "id": "65aaa782-4dd0-4592-ba0c-2479ac1f48fc"
          },
          {
            "brandText": "GOOD CHOICE",
            "name": "SALAME AL CIOCCOLATO",
            "description": "",
            "price": {
              "full": "2,69",
              "discount": "-26%",
              "discounted": "1,99",
              "priceDecimalSeparator": ",",
              "discountDecimalSeparator": ","
            },
            "subName": "200 g - € 9,95/kg",
            "productImage": "assets/8-457.png?w=300&h=152&ar=1.9736842105263157",
            "specs": [
              {
                "src": "assets/banco_frigo.png?w=98&h=100&ar=0.98",
                "size": "large"
              },
              {
                "src": "assets/1-1085.png?w=88&h=100&ar=0.88",
                "size": "large"
              }
            ],
            "available": false,
            "highlights": [],
            "unitType": "a confezione",
            "categoryId": 14629,
            "position": 14,
            "id": "65aaa782-7d18-4183-9ea3-0c6dac1f5aa6"
          },
          {
            "brandText": "NATURA FELICE",
            "name": "UOVA BIOLOGICHE MEDIE",
            "description": "6 pezzi",
            "price": {
              "full": "1,89",
              "discount": "-10%",
              "discounted": "1,69",
              "priceDecimalSeparator": ",",
              "discountDecimalSeparator": ","
            },
            "subName": "€ 0,28/pezzo",
            "productImage": "assets/9-411.png?w=300&h=163&ar=1.8404907975460123",
            "specs": [
              {
                "src": "assets/it_2023_24_wop_00_02-03-10.png?w=100&h=100&ar=1",
                "size": "large"
              },
              {
                "src": "assets/1-1056.png?w=100&h=100&ar=1",
                "size": "large"
              }
            ],
            "available": false,
            "highlights": [],
            "selectedBadge": "flag_ita",
            "unitType": "a confezione",
            "categoryId": 14505,
            "position": 15,
            "id": "65aaa782-dac8-44e0-afda-2813ac1f3abc"
          },
          {
            "brandText": "BIO NATURA",
            "name": "GALLETTE MAIS E GRANO SARACENO BIO",
            "modifier": "cell",
            "subModifier": "img_rectangular_pb_horizontal",
            "description": "",
            "price": {
              "full": "1,49",
              "discount": "-33%",
              "discounted": "0,99",
              "priceDecimalSeparator": ",",
              "discountDecimalSeparator": ",",
              "formatPrice": "type34"
            },
            "subName": "100 g - € 9,90/kg",
            "productImage": "assets/10-393.png?w=119&h=300&ar=0.39666666666666667",
            "specs": [
              {
                "src": "assets/vegan.png?w=81&h=100&ar=0.81",
                "size": "large"
              },
              {
                "src": "assets/it_2023_24_wop_00_02-03-10.png?w=100&h=100&ar=1",
                "size": "large"
              }
            ],
            "available": false,
            "highlights": [],
            "unitType": "a confezione",
            "categoryId": 14741,
            "position": 16,
            "id": "65aaa783-06d0-4471-812a-2392ac1f48fc"
          },
          {
            "brandText": "LA CESTA",
            "name": "PANE PER TRAMEZZINI MAXI FETTE",
            "subModifier": "img_squared_pb_horizontal_over",
            "description": "",
            "price": {
              "full": "1,99",
              "discount": "-25%",
              "discounted": "1,49",
              "priceDecimalSeparator": ",",
              "discountDecimalSeparator": ","
            },
            "subName": "400 g - € 3,73/kg",
            "productImage": "assets/11-342.png?w=145&h=300&ar=0.48333333333333334",
            "available": false,
            "highlights": [],
            "unitType": "a confezione",
            "categoryId": 14754,
            "position": 17,
            "id": "65aaa783-5490-43f2-84d3-3be6ac1f48fc"
          },
          {
            "brandText": "LA CESTA",
            "name": "PIADINA ARROTOLABILISSIMA",
            "description": "",
            "price": {
              "full": "1,39",
              "discount": "-50%",
              "discounted": "0,69",
              "priceDecimalSeparator": ",",
              "discountDecimalSeparator": ","
            },
            "subName": "330 g - € 2,09/kg",
            "productImage": "assets/12-315.png?w=300&h=246&ar=1.2195121951219512",
            "available": false,
            "highlights": [],
            "unitType": "a confezione",
            "categoryId": 14746,
            "position": 18,
            "id": "65aaa784-9d9c-492b-a85b-0cebac1f5aa6"
          },
          {
            "brandText": "JUST VEG!",
            "name": "RAGÙ CON SOIA/ PESTO CON TOFU",
            "description": "",
            "price": {
              "full": "1,99",
              "discount": "-40%",
              "discounted": "1,19",
              "priceDecimalSeparator": ",",
              "discountDecimalSeparator": ","
            },
            "subName": "190 g - € 6,26/kg",
            "productImage": "assets/13-270.png?w=248&h=300&ar=0.8266666666666667",
            "available": false,
            "highlights": [],
            "unitType": "a vasetto",
            "categoryId": 14715,
            "position": 19,
            "id": "65aaa784-f6e8-4e30-98fb-098eac1f5aa6"
          },
          {
            "brandText": "LE GUSTO",
            "name": "SALSA MESSICANA",
            "subModifier": "img_rectangular_pb_vertical",
            "description": "The legend TEARS OF THE KINGDOM KINGDOM TEARS OF THE KINGDOM KINGDOM THE DSLFJSDL",
            "price": {
              "full": "1,49",
              "discount": "-20%",
              "discounted": "1,19",
              "priceDecimalSeparator": ",",
              "discountDecimalSeparator": ",",
              "formatPrice": "type34"
            },
            "subName": "250 ml - € 4,76/litro",
            "productImage": "assets/14-248.png?w=108&h=300&ar=0.36",
            "available": false,
            "highlights": [],
            "unitType": "al pezzo",
            "categoryId": 14711,
            "position": 20,
            "id": "65aaa785-cbb4-422f-a118-2473ac1f48fc"
          },
          {
            "brandText": "PAVESI",
            "name": "PAVESINI",
            "description": "",
            "price": {
              "full": "2,49",
              "discount": "-28%",
              "discounted": "1,79",
              "priceDecimalSeparator": ",",
              "discountDecimalSeparator": ","
            },
            "subName": "200 g - € 8,95/kg",
            "productImage": "assets/15-213.png?w=300&h=90&ar=3.3333333333333335",
            "available": false,
            "highlights": [],
            "unitType": "a confezione",
            "categoryId": 14478,
            "position": 21,
            "id": "65aaa786-b6ec-47ba-954d-0cebac1f5aa6"
          },
          {
            "brandText": "FINEST BAKERY",
            "name": "PREMIUM COOKIES",
            "description": "gusti vari",
            "price": {
              "full": "1,79",
              "discount": "-27%",
              "discounted": "1,29",
              "priceDecimalSeparator": ",",
              "discountDecimalSeparator": ","
            },
            "subName": "200 g - € 6,45/kg",
            "productImage": "assets/16-190.png?w=168&h=300&ar=0.56",
            "specs": [
              {
                "src": "assets/1-1768.png?w=100&h=100&ar=1",
                "size": "large"
              }
            ],
            "available": false,
            "highlights": [],
            "unitType": "a confezione",
            "categoryId": 14786,
            "position": 22,
            "id": "65aaa786-77e8-4c55-958c-087aac1f5aa6"
          },
          {
            "brandText": "BUON΄ORA",
            "name": "CIAMBELLE CON ZUCCHERO A VELO",
            "description": "",
            "price": {
              "full": "2,19",
              "discount": "-22%",
              "discounted": "1,69",
              "priceDecimalSeparator": ",",
              "discountDecimalSeparator": ","
            },
            "subName": "300 g - € 5,63/kg",
            "productImage": "assets/17-165.png?w=224&h=300&ar=0.7466666666666667",
            "specs": [
              {
                "src": "assets/1-1043.png?w=100&h=100&ar=1",
                "size": "large"
              }
            ],
            "available": false,
            "highlights": [],
            "unitType": "a confezione",
            "categoryId": 14802,
            "position": 23,
            "id": "65aaa786-2d18-4ab0-b75d-2473ac1f48fc"
          },
          {
            "brandText": "AMAROY",
            "name": "CAFFÈ SOLUBILE GOLD",
            "description": "classico/deca",
            "price": {
              "full": "4,99",
              "discount": "-22%",
              "discounted": "3,89",
              "priceDecimalSeparator": ",",
              "discountDecimalSeparator": ","
            },
            "subName": "200 g - € 19,45/kg",
            "productImage": "assets/18-137.png?w=250&h=300&ar=0.8333333333333334",
            "specs": [
              {
                "src": "assets/1-1085.png?w=88&h=100&ar=0.88",
                "size": "large"
              }
            ],
            "available": false,
            "highlights": [],
            "unitType": "al pezzo",
            "categoryId": 14764,
            "position": 24,
            "id": "65aaa787-87d8-4555-842f-0bd3ac1f5aa6"
          },
          {
            "brandText": "HAPPY HARVEST",
            "name": "MANDORLE SGUSCIATE",
            "description": "",
            "price": {
              "full": "1,49",
              "discount": "-40%",
              "discounted": "0,89",
              "priceDecimalSeparator": ",",
              "discountDecimalSeparator": ","
            },
            "subName": "100 g - € 8,90/kg",
            "productImage": "assets/1-5496.png?w=140&h=300&ar=0.4666666666666667",
            "productMultiImages": [
              "assets/2-906.png?w=139&h=300&ar=0.4633333333333333",
              "assets/3-736.png?w=300&h=246&ar=1.2195121951219512"
            ],
            "available": false,
            "highlights": [],
            "unitType": "a confezione",
            "categoryId": 14405,
            "position": 25,
            "id": "65aaa787-642c-4606-a5b1-0d07ac1f5aa6"
          },
          {
            "brandText": "BELLA",
            "name": "UVETTA SULTANINA",
            "description": "",
            "price": {
              "full": "0,99",
              "discount": "-30%",
              "discounted": "0,69",
              "priceDecimalSeparator": ",",
              "discountDecimalSeparator": ","
            },
            "subName": "250 g - € 2,76/kg",
            "productImage": "assets/2-911.png?w=214&h=300&ar=0.7133333333333334",
            "available": false,
            "highlights": [],
            "unitType": "a confezione",
            "categoryId": 14403,
            "position": 26,
            "id": "65aaa787-78d8-4e69-b3ee-282bac1f3abc"
          },
          {
            "brandText": "NATURE'S GOLD",
            "name": "FAGIOLI ROSSI",
            "description": "",
            "price": {
              "full": "0,59",
              "discount": "-16%",
              "discounted": "0,49",
              "priceDecimalSeparator": ",",
              "discountDecimalSeparator": ","
            },
            "subName": "410 g - € 1,92/kg sgocc.",
            "productImage": "assets/3-741.png?w=203&h=300&ar=0.6766666666666666",
            "available": false,
            "highlights": [],
            "unitType": "a lattina",
            "categoryId": 14437,
            "position": 27,
            "id": "65aaa788-f384-45d5-adf9-22b1ac1f3abc"
          },
          {
            "brandText": "BIO NATURA",
            "name": "CONFETTURA BIO",
            "description": "albicocca/fragola",
            "price": {
              "full": "2,77",
              "discount": "-42%",
              "discounted": "1,59",
              "priceDecimalSeparator": ",",
              "discountDecimalSeparator": ","
            },
            "subName": "320 g - € 4,97/kg",
            "productImage": "assets/4-679.png?w=205&h=300&ar=0.6833333333333333",
            "available": false,
            "highlights": [],
            "unitType": "a vasetto",
            "categoryId": 14785,
            "position": 28,
            "id": "65aaa788-4800-4707-bfd6-0797ac1f5aa6"
          },
          {
            "brandText": "AMERICAN",
            "name": "DRAGÉES AL CIOCCOLATO",
            "description": "gusti vari",
            "price": {
              "full": "1,59",
              "discount": "-25%",
              "discounted": "1,19",
              "priceDecimalSeparator": ",",
              "discountDecimalSeparator": ","
            },
            "subName": "250/200 g - € 4,76/5,95/kg",
            "productImage": "assets/5-608.png?w=236&h=300&ar=0.7866666666666666",
            "specs": [
              {
                "src": "assets/1-1085.png?w=88&h=100&ar=0.88",
                "size": "large"
              }
            ],
            "available": false,
            "highlights": [],
            "unitType": "a confezione",
            "categoryId": 14839,
            "position": 29,
            "id": "65aaa788-3920-4239-87e3-275bac1f3abc"
          },
          {
            "brandText": "REGIONE CHE VAI",
            "name": "OLIVE BELLA DI CERIGNOLA",
            "subModifier": "img_squared_pb_vertical_over",
            "description": "Lorem Ipsum is simply dummy text of the printing and typesetting industry. Lorem Ipsum has been the industry's standard dummy text ever since the 1500s, when an unknown printer took a galley of type and scrambled it to make a type specimen book. It has survived not only five centuries, but also the leap into electronic typesetting, remaining essentially unchanged. It was popularised in the 1960s with the release of Letraset sheets containing Lorem Ipsum passages, and more recently with desktop publishing software like Aldus PageMaker including versions of Lorem Ipsum.",
            "price": {
              "full": "1,49",
              "discount": "-13%",
              "discounted": "1,29",
              "priceDecimalSeparator": ",",
              "discountDecimalSeparator": ","
            },
            "subName": "565 g - € 3,91/kg sgocc.",
            "productImage": "assets/6-557.png?w=159&h=300&ar=0.53",
            "available": false,
            "highlights": [],
            "unitType": "a vasetto",
            "categoryId": 14482,
            "position": 30,
            "id": "65aaa789-7764-4331-bd11-3c5bac1f48fc"
          },
          {
            "brandText": "CUCINA NOBILE",
            "name": "CARCIOFI TAGLIATI",
            "description": "Lorem Ipsum is simply dummy text of the printing and typesetting industry. Lorem Ipsum has been the industry's standard dummy text ever since the 1500s, when an unknown printer took a galley of type and scrambled it to make a type specimen book. It has survived not only five centuries, but also the leap into electronic typesetting, remaining essentially unchanged. It was popularised in the 1960s with the release of Letraset sheets containing Lorem Ipsum passages, and more recently with desktop publishing software like Aldus PageMaker including versions of Lorem Ipsum.",
            "subModifier": "img_squared_pb_horizontal_over",
            "price": {
              "full": "1,67",
              "discount": "-28%",
              "discounted": "1,19",
              "priceDecimalSeparator": ",",
              "discountDecimalSeparator": ",",
              "formatPrice": "type42"
            },
            "productImage": "assets/7-500.png?w=178&h=300&ar=0.5933333333333334",
            "available": false,
            "highlights": [],
            "unitType": "a vasetto",
            "categoryId": 14427,
            "position": 31,
            "id": "65aaa789-f4ec-4989-a2ce-0797ac1f5aa6"
          },
          {
            "brandText": "SNACK FUN",
            "name": "TWISTED STICKS",
            "description": "salati/al formaggio",
            "price": {
              "full": "1,79",
              "discount": "-33%",
              "discounted": "1,19",
              "priceDecimalSeparator": ",",
              "discountDecimalSeparator": ","
            },
            "subName": "150 g - € 7,93/kg",
            "productImage": "assets/8-458.png?w=218&h=300&ar=0.7266666666666667",
            "available": false,
            "highlights": [],
            "unitType": "a confezione",
            "categoryId": 14473,
            "position": 32,
            "id": "65aaa789-cbbc-4aed-a7b1-0cebac1f5aa6"
          },
          {
            "brandText": "I COLORI DEL SAPORE",
            "name": "RISO CARNAROLI",
            "description": "",
            "price": {
              "full": "2,79",
              "discount": "-21%",
              "discounted": "2,19",
              "priceDecimalSeparator": ",",
              "discountDecimalSeparator": ","
            },
            "subName": "1 kg",
            "productImage": "assets/9-412.png?w=180&h=300&ar=0.6",
            "specs": [
              {
                "src": "assets/1-1056.png?w=100&h=100&ar=1",
                "size": "large"
              }
            ],
            "available": false,
            "highlights": [],
            "selectedBadge": "flag_ita",
            "unitType": "al pezzo",
            "categoryId": 14887,
            "position": 33,
            "id": "65aaa78a-1220-4dea-864f-23c8ac1f48fc"
          },
          {
            "name": "RAVIOLI RICOTTA E SPINACI CON POMODORO",
            "description": "",
            "price": {
              "full": "2,89",
              "discount": "-31%",
              "discounted": "1,99",
              "priceDecimalSeparator": ",",
              "discountDecimalSeparator": ","
            },
            "subName": "550 g - € 3,62/kg",
            "productImage": "assets/10-394.png?w=256&h=300&ar=0.8533333333333334",
            "specs": [
              {
                "src": "assets/1-1043.png?w=100&h=100&ar=1",
                "size": "large"
              },
              {
                "src": "assets/surgelato-1.png?w=81&h=100&ar=0.81",
                "size": "large"
              }
            ],
            "available": false,
            "highlights": [],
            "unitType": "a confezione",
            "brandText": "PRIMANA",
            "modifier": "cell",
            "hideBottomLine": false,
            "timing": {
              "create": "15/1/2024, 12:25:07",
              "update": "15/1/2024, 12:25:07"
            },
            "categoryId": 14874,
            "position": 34,
            "id": "65aaa78a-89b4-4675-8610-0cebac1f5aa6"
          },
          {
            "brandText": "NATURE'S GOLD",
            "name": "VELLUTATA DI VERDURE",
            "description": "",
            "price": {
              "full": "1,99",
              "discount": "-25%",
              "discounted": "1,49",
              "priceDecimalSeparator": ",",
              "discountDecimalSeparator": ","
            },
            "subName": "600 g - € 2,48/kg",
            "productImage": "assets/11-343.png?w=258&h=300&ar=0.86",
            "specs": [
              {
                "src": "assets/surgelato-1.png?w=81&h=100&ar=0.81",
                "size": "large"
              }
            ],
            "available": false,
            "highlights": [],
            "unitType": "a confezione",
            "categoryId": 16102,
            "position": 35,
            "id": "65aaa78a-c888-4d50-8026-27a4ac1f3abc"
          },
          {
            "brandText": "I COLORI DEL SAPORE",
            "name": "BROCCOLI",
            "description": "",
            "price": {
              "full": "1,49",
              "discount": "-20%",
              "discounted": "1,19",
              "priceDecimalSeparator": ",",
              "discountDecimalSeparator": ","
            },
            "subName": "600 g - € 1,98/kg",
            "productImage": "assets/12-316.png?w=296&h=300&ar=0.9866666666666667",
            "specs": [
              {
                "src": "assets/surgelato-1.png?w=81&h=100&ar=0.81",
                "size": "large"
              },
              {
                "src": "assets/it_2023_14_wop_00_02-03-1.png?w=107&h=100&ar=1.07",
                "size": "large"
              }
            ],
            "available": false,
            "highlights": [],
            "selectedBadge": "flag_ita",
            "unitType": "a confezione",
            "categoryId": 14420,
            "position": 36,
            "modifier": "cell",
            "hideBottomLine": false,
            "timing": {
              "create": "15/1/2024, 17:10:10",
              "update": "15/1/2024, 17:10:10"
            },
            "id": "65aaa78b-e9bc-49ec-b86e-27fbac1f3abc"
          },
          {
            "brandText": "GOLDEN SEAFOOD",
            "name": "FISHBURGER MSC",
            "description": "• di filetto di merluzzo d’Alaska, in croccante panatura<br/>• 2 pezzi",
            "price": {
              "full": "1,99",
              "discount": "-30%",
              "discounted": "1,39",
              "priceDecimalSeparator": ",",
              "discountDecimalSeparator": ","
            },
            "subName": "210 g - € 6,62/kg",
            "productImage": "assets/13-271.png?w=300&h=149&ar=2.0134228187919465",
            "specs": [
              {
                "src": "assets/mscorizzontale.png?w=141&h=60&ar=2.35",
                "size": "large"
              },
              {
                "src": "assets/surgelato-1.png?w=81&h=100&ar=0.81",
                "size": "large"
              }
            ],
            "available": false,
            "highlights": [],
            "unitType": "a confezione",
            "categoryId": 14666,
            "position": 37,
            "id": "65aaa78b-7518-44e5-9111-0d57ac1f5aa6"
          },
          {
            "brandText": "CUCINA NOBILE",
            "name": "PIZZA BIANCA 4 FORMAGGI",
            "description": "",
            "price": {
              "full": "2,99",
              "discount": "-26%",
              "discounted": "2,19",
              "priceDecimalSeparator": ",",
              "discountDecimalSeparator": ","
            },
            "subName": "380 g - € 5,76/kg",
            "productImage": "assets/14-249.png?w=300&h=300&ar=1",
            "available": false,
            "highlights": [],
            "unitType": "a confezione",
            "categoryId": 14669,
            "position": 38,
            "id": "65aaa78b-6e64-483e-8a51-27fbac1f3abc"
          },
          {
            "brandText": "FLIRT",
            "name": "CHINOTTO",
            "description": "",
            "price": {
              "full": "0,69",
              "discount": "-43%",
              "discounted": "0,39",
              "priceDecimalSeparator": ",",
              "discountDecimalSeparator": ","
            },
            "subName": "1 l",
            "productImage": "assets/15-214.png?w=81&h=300&ar=0.27",
            "available": false,
            "highlights": [],
            "unitType": "a bottiglia",
            "categoryId": 15031,
            "position": 39,
            "id": "65aaa78c-5124-42e0-bdaf-275bac1f3abc"
          },
          {
            "brandText": "KARLSKRONE",
            "name": "BIRRA PILS",
            "description": "4,9% vol.",
            "price": {
              "full": "0,65",
              "discount": "-15%",
              "discounted": "0,55",
              "priceDecimalSeparator": ",",
              "discountDecimalSeparator": ","
            },
            "subName": "500 ml - € 1,10/litro",
            "productImage": "assets/16-191.png?w=114&h=300&ar=0.38",
            "available": false,
            "highlights": [],
            "unitType": "a lattina",
            "categoryId": 14988,
            "position": 40,
            "id": "65aaa78c-04d4-4cd3-89e5-3c74ac1f48fc"
          },
          {
            "brandText": "CASA MOROSINA",
            "name": "BIANCO TERRE SICILIANE IGT BIO",
            "description": "",
            "price": {
              "full": "3,29",
              "discount": "-42%",
              "discounted": "1,89",
              "priceDecimalSeparator": ",",
              "discountDecimalSeparator": ","
            },
            "subName": "750 ml - € 2,52/litro",
            "productImage": "assets/17-166.png?w=75&h=300&ar=0.25",
            "specs": [
              {
                "src": "assets/it_2023_24_wop_00_02-03-10.png?w=100&h=100&ar=1",
                "size": "large"
              }
            ],
            "available": false,
            "highlights": [],
            "unitType": "a bottiglia",
            "categoryId": 14996,
            "position": 41,
            "id": "65aaa78c-d930-4483-b355-0cd5ac1f5aa6"
          },
          {
            "name": "MALVASIA NERA DEL SALENTO IGT",
            "description": "",
            "price": {
              "full": "3,99",
              "discount": "-25%",
              "discounted": "2,99",
              "priceDecimalSeparator": ",",
              "discountDecimalSeparator": ","
            },
            "subName": "750 ml - € 3,99/litro",
            "productImage": "assets/18-138.png?w=69&h=300&ar=0.23",
            "available": false,
            "highlights": [],
            "unitType": "a bottiglia",
            "brandText": "TOR DEL COLLE",
            "modifier": "cell",
            "hideBottomLine": false,
            "timing": {
              "create": "15/1/2024, 12:24:04",
              "update": "15/1/2024, 12:24:04"
            },
            "categoryId": 14996,
            "position": 42,
            "id": "65aaa78d-a490-4e1c-acd3-0bbbac1f5aa6"
          }
        ],
        "id": "offerte_in_evidenza_1705317510181"
      },
      {
        "name": "Frutta e Verdura",
        "header": {
          "type": "image",
          "props": {
            "src": "assets/ritagliobanneraldifruttaverdura09-1-1.jpg?w=768&h=309&ar=2.4854368932038833"
          }
        },
        "products": [
          {
            "brandText": "I COLORI DEL SAPORE",
            "name": "ARANCE NAVEL CON FOGLIA",
            "description": "",
            "price": {
              "full": "1,99",
              "discount": "-50%",
              "discounted": "0,99",
              "priceDecimalSeparator": ",",
              "discountDecimalSeparator": ","
            },
            "productImage": "assets/1-5493.png?w=300&h=131&ar=2.2900763358778624",
            "specs": [
              {
                "src": "assets/it_2023_14_wop_00_02-03-1.png?w=107&h=100&ar=1.07",
                "size": "large"
              }
            ],
            "available": false,
            "highlights": [],
            "selectedBadge": "flag_ita",
            "unitType": "al kg",
            "categoryId": 14393,
            "position": 43,
            "id": "65aaa78d-4bd0-4de1-a926-3c74ac1f48fc"
          },
          {
            "brandText": "BIO NATURA",
            "name": "LATTUGHINO/ MISTICANZA BIO",
            "description": "",
            "price": {
              "full": "1,29",
              "discount": "-50%",
              "discounted": "0,64",
              "priceDecimalSeparator": ",",
              "discountDecimalSeparator": ","
            },
            "subName": "125 g - € 5,12/kg",
            "productImage": "assets/2-909.png?w=201&h=300&ar=0.67",
            "specs": [
              {
                "src": "assets/it_2023_24_wop_00_02-03-10.png?w=100&h=100&ar=1",
                "size": "large"
              },
              {
                "src": "assets/it_2023_14_wop_00_02-03-1.png?w=107&h=100&ar=1.07",
                "size": "large"
              }
            ],
            "available": false,
            "highlights": [],
            "selectedBadge": "flag_ita",
            "unitType": "a confezione",
            "categoryId": 14459,
            "position": 44,
            "id": "65aaa78d-13dc-47c8-855b-3a4eac1f48fc"
          },
          {
            "brandText": "REGIONE CHE VAI",
            "name": "ZUCCA A CUBETTI",
            "description": "",
            "price": {
              "full": "1,99",
              "discount": "-50%",
              "discounted": "0,99",
              "priceDecimalSeparator": ",",
              "discountDecimalSeparator": ","
            },
            "subName": "500 g - € 1,98/kg",
            "productImage": "assets/3-739.png?w=300&h=199&ar=1.5075376884422111",
            "specs": [
              {
                "src": "assets/Indicazionegeografica.png?w=100&h=100&ar=1",
                "size": "small"
              },
              {
                "src": "assets/it_2023_14_wop_00_02-03-1.png?w=107&h=100&ar=1.07",
                "size": "large"
              }
            ],
            "available": false,
            "highlights": [],
            "selectedBadge": "flag_ita",
            "unitType": "a confezione",
            "categoryId": 14434,
            "position": 45,
            "id": "65aaa78e-a2e8-4952-8706-238aac1f48fc"
          },
          {
            "brandText": "I COLORI DEL SAPORE",
            "name": "FUNGHI PIOPPINI",
            "description": "",
            "price": {
              "full": "3,49",
              "discount": "-42%",
              "discounted": "1,99",
              "priceDecimalSeparator": ",",
              "discountDecimalSeparator": ","
            },
            "subName": "250 g - € 7,96/kg",
            "productImage": "assets/4-677.png?w=300&h=219&ar=1.36986301369863",
            "specs": [
              {
                "src": "assets/it_2023_14_wop_00_02-03-1.png?w=107&h=100&ar=1.07",
                "size": "large"
              }
            ],
            "available": false,
            "highlights": [],
            "selectedBadge": "flag_ita",
            "unitType": "a confezione",
            "categoryId": 14422,
            "position": 46,
            "id": "65aaa78e-f940-4903-80a1-0c52ac1f5aa6"
          },
          {
            "brandText": "I COLORI DEL SAPORE",
            "name": "ARANCE TAROCCO",
            "description": "",
            "price": {
              "full": "3,99",
              "discount": "-37%",
              "discounted": "2,49",
              "priceDecimalSeparator": ",",
              "discountDecimalSeparator": ","
            },
            "subName": "3 kg - € 0,83/kg",
            "productImage": "assets/5-606.png?w=289&h=300&ar=0.9633333333333334",
            "specs": [
              {
                "src": "assets/it_2023_14_wop_00_02-03-1.png?w=107&h=100&ar=1.07",
                "size": "large"
              }
            ],
            "available": false,
            "highlights": [],
            "selectedBadge": "flag_ita",
            "unitType": "a confezione",
            "categoryId": 14393,
            "position": 47,
            "id": "65aaa78e-1258-48d3-9ef7-209fac1f3abc"
          },
          {
            "brandText": "I COLORI DEL SAPORE",
            "name": "VERZE",
            "description": "",
            "price": {
              "full": "0,99",
              "discount": "-50%",
              "discounted": "0,49",
              "priceDecimalSeparator": ",",
              "discountDecimalSeparator": ","
            },
            "productImage": "assets/6-555.png?w=300&h=229&ar=1.3100436681222707",
            "specs": [
              {
                "src": "assets/it_2023_14_wop_00_02-03-1.png?w=107&h=100&ar=1.07",
                "size": "large"
              }
            ],
            "available": false,
            "highlights": [],
            "selectedBadge": "flag_ita",
            "unitType": "al kg",
            "categoryId": 14419,
            "position": 48,
            "id": "65aaa78f-0888-43e8-afa3-25b8ac1f3abc"
          },
          {
            "brandText": "REGIONE CHE VAI",
            "name": "CIPOLLOTTI DI TROPEA IGP ",
            "description": "",
            "price": {
              "full": "1,99",
              "discount": "-35%",
              "discounted": "1,29",
              "priceDecimalSeparator": ",",
              "discountDecimalSeparator": ","
            },
            "subName": "250 g - € 5,16/kg",
            "productImage": "assets/7-498.png?w=190&h=300&ar=0.6333333333333333",
            "specs": [
              {
                "src": "assets/Indicazionegeografica.png?w=100&h=100&ar=1",
                "size": "small"
              },
              {
                "src": "assets/it_2023_14_wop_00_02-03-1.png?w=107&h=100&ar=1.07",
                "size": "large"
              }
            ],
            "available": false,
            "highlights": [],
            "selectedBadge": "flag_ita",
            "unitType": "a mazzo",
            "categoryId": 14430,
            "position": 49,
            "id": "65aaa78f-7e54-4fa1-a651-0b1cac1f5aa6"
          },
          {
            "brandText": "BIO NATURA",
            "name": "KIWI BIO",
            "description": "",
            "price": {
              "full": "1,99",
              "discount": "-35%",
              "discounted": "1,29",
              "priceDecimalSeparator": ",",
              "discountDecimalSeparator": ","
            },
            "subName": "500 g - € 2,58/kg",
            "productImage": "assets/8-456.png?w=300&h=209&ar=1.4354066985645932",
            "specs": [
              {
                "src": "assets/it_2023_14_wop_00_02-03-1.png?w=107&h=100&ar=1.07",
                "size": "large"
              },
              {
                "src": "assets/it_2023_24_wop_00_02-03-10.png?w=100&h=100&ar=1",
                "size": "large"
              }
            ],
            "available": false,
            "highlights": [],
            "selectedBadge": "flag_ita",
            "unitType": "a confezione",
            "categoryId": 14380,
            "position": 50,
            "id": "65aaa78f-6600-47f0-9c98-27abac1f3abc"
          },
          {
            "name": "MELE DOLCEVITA",
            "description": "",
            "price": {
              "full": "1,99",
              "discount": "-35%",
              "discounted": "1,29",
              "priceDecimalSeparator": ",",
              "discountDecimalSeparator": ","
            },
            "subName": "900 g - € 1,44/kg",
            "productImage": "assets/9-410.png?w=300&h=228&ar=1.3157894736842106",
            "specs": [
              {
                "src": "assets/it_2023_14_wop_00_02-03-1.png?w=107&h=100&ar=1.07",
                "size": "large"
              }
            ],
            "available": false,
            "highlights": [],
            "selectedBadge": "flag_ita",
            "unitType": "a confezione",
            "categoryId": 14386,
            "position": 51,
            "id": "65aaa790-34f0-48c3-a498-0c7eac1f5aa6"
          },
          {
            "name": "LATTUGA ICEBERG",
            "description": "",
            "price": {
              "full": "1,29",
              "discount": "-23%",
              "discounted": "0,99",
              "priceDecimalSeparator": ",",
              "discountDecimalSeparator": ","
            },
            "subName": "min. 400 g - € 2,48/kg",
            "productImage": "assets/10-392.png?w=300&h=138&ar=2.1739130434782608",
            "available": false,
            "highlights": [],
            "unitType": "al pezzo",
            "categoryId": 14459,
            "position": 52,
            "id": "65aaa790-2620-4755-8b12-3bcdac1f48fc"
          }
        ],
        "id": "frutta_e_verdura_1705317510181"
      },
      {
        "name": "Carne e Pesce",
        "header": {
          "type": "image",
          "props": {
            "src": "assets/ritagliobanneraldicarnepesce09-1.jpg?w=768&h=309&ar=2.4854368932038833"
          }
        },
        "products": [
          {
            "brandText": "IL PODERE CARNE AVICOLA",
            "name": "COTOLETTA DI POLLO",
            "description": "",
            "price": {
              "full": "2,49",
              "discount": "-36%",
              "discounted": "1,59",
              "priceDecimalSeparator": ",",
              "discountDecimalSeparator": ","
            },
            "subName": "440 g - € 3,61/kg",
            "productImage": "assets/1-5494.png?w=300&h=216&ar=1.3888888888888888",
            "specs": [
              {
                "src": "assets/100_carne_italiana.png?w=100&h=100&ar=1",
                "size": "large"
              }
            ],
            "available": false,
            "highlights": [],
            "selectedBadge": "flag_ita",
            "unitType": "a confezione",
            "categoryId": 14602,
            "position": 53,
            "id": "65aaa790-4d60-4c79-a02f-0c66ac1f5aa6",
            "children": [
              {
                "id": "1705318723054",
                "name": "Test",
                "productImage": "assets/it_2024_04_wop_00_02-03_ita.png?w=300&h=192&ar=1.5625"
              }
            ]
          },
          {
            "brandText": "IL PODERE CARNE AVICOLA",
            "name": "BOCCONCINI DI FESA DI TACCHINO",
            "description": "",
            "price": {
              "full": "4,59",
              "discount": "-30%",
              "discounted": "3,19",
              "priceDecimalSeparator": ",",
              "discountDecimalSeparator": ","
            },
            "subName": "400 g - € 7,98/kg",
            "productImage": "assets/it_2024_04_wop_00_02-03_ita.png?w=300&h=192&ar=1.5625",
            "specs": [
              {
                "src": "assets/100_carne_italiana.png?w=100&h=100&ar=1",
                "size": "large"
              }
            ],
            "available": false,
            "highlights": [],
            "selectedBadge": "flag_ita",
            "unitType": "a confezione",
            "categoryId": 14603,
            "position": 54,
            "id": "65aaa791-f628-4a5e-9325-0d67ac1f5aa6"
          },
          {
            "brandText": "IL PODERE CARNE SUINA",
            "name": "MACINATO DI SUINO",
            "description": "",
            "price": {
              "full": "3,99",
              "discount": "-20%",
              "discounted": "3,19",
              "priceDecimalSeparator": ",",
              "discountDecimalSeparator": ","
            },
            "subName": "500 g - € 6,38/kg",
            "productImage": "assets/it_2024_04_wop_00_02-03_ita-1.png?w=300&h=190&ar=1.5789473684210527",
            "specs": [
              {
                "src": "assets/100_carne_italiana.png?w=100&h=100&ar=1",
                "size": "large"
              }
            ],
            "available": false,
            "highlights": [],
            "selectedBadge": "flag_ita",
            "unitType": "a confezione",
            "modifier": "wide",
            "hideBottomLine": false,
            "timing": {
              "create": "15/1/2024, 12:28:11",
              "update": "15/1/2024, 12:28:11"
            },
            "categoryId": 14608,
            "position": 55,
            "id": "65aaa791-6178-44f2-a7f1-280bac1f3abc"
          },
          {
            "brandText": "REGIONE CHE VAI",
            "name": "BATTUTA DI FASSONE PIEMONTESE",
            "description": "",
            "price": {
              "full": "3,49",
              "discount": "-28%",
              "discounted": "2,49",
              "priceDecimalSeparator": ",",
              "discountDecimalSeparator": ","
            },
            "subName": "120 g - € 20,75/kg",
            "productImage": "assets/it_2024_04_wop_00_02-03_ita2.png?w=300&h=171&ar=1.7543859649122806",
            "specs": [
              {
                "src": "assets/100_carne_italiana.png?w=100&h=100&ar=1",
                "size": "large"
              }
            ],
            "available": false,
            "highlights": [],
            "selectedBadge": "flag_ita",
            "unitType": "a confezione",
            "categoryId": 14563,
            "position": 56,
            "id": "65aaa792-0034-46de-b444-26beac1f3abc"
          },
          {
            "brandText": "FIORITAL",
            "name": "FILETTO DI TROTA SALMONATA",
            "description": "",
            "price": {
              "full": "3,99",
              "discount": "-20%",
              "discounted": "3,19",
              "priceDecimalSeparator": ",",
              "discountDecimalSeparator": ","
            },
            "subName": "180 g - € 17,72/kg",
            "productImage": "assets/it_2024_04_wop_00_02-03_ita3.png?w=300&h=185&ar=1.6216216216216217",
            "specs": [
              {
                "src": "assets/banco_frigo.png?w=98&h=100&ar=0.98",
                "size": "large"
              }
            ],
            "available": false,
            "highlights": [],
            "unitType": "a confezione",
            "categoryId": 14911,
            "position": 57,
            "id": "65aaa792-1708-48a1-9abc-284dac1f3abc"
          },
          {
            "brandText": "IL PODERE CARNE BOVINA",
            "name": "HAMBURGER DI SCOTTONA",
            "description": "",
            "price": {
              "discounted": "5,99",
              "priceDecimalSeparator": ",",
              "discountDecimalSeparator": ","
            },
            "subName": "6 x 100 g - € 9,98/kg",
            "productImage": "assets/it_2024_04_wop_00_02-03_ita-2.png?w=300&h=250&ar=1.2",
            "available": false,
            "highlights": [],
            "selectedBadge": "Tempo_Limitato",
            "unitType": "a confezione",
            "categoryId": 14609,
            "position": 58,
            "id": "65aaa792-5480-479f-bd93-2399ac1f48fc"
          },
          {
            "brandText": "IL PODERE CARNE AVICOLA",
            "name": "POLLO IN PARTI",
            "description": "",
            "price": {
              "discounted": "3,99",
              "priceDecimalSeparator": ",",
              "discountDecimalSeparator": ","
            },
            "productImage": "assets/it_2024_04_wop_00_02-03_ita5.png?w=300&h=241&ar=1.2448132780082988",
            "specs": [
              {
                "src": "assets/100_carne_italiana.png?w=100&h=100&ar=1",
                "size": "large"
              }
            ],
            "available": false,
            "highlights": [],
            "selectedBadge": "Tempo_Limitato_Flagita",
            "unitType": "al kg",
            "categoryId": 14596,
            "position": 59,
            "id": "65aaa793-fae0-476c-9943-2399ac1f48fc"
          }
        ],
        "id": "carne_e_pesce_1705317510181"
      },
      {
        "name": "Dispensa",
        "products": [
          {
            "name": "Banner",
            "type": "image",
            "tracking": true,
            "props": {
              "src": "assets/regionechevaibanneraldikw04.png?w=768&h=526&ar=1.4600760456273765",
              "modifier": "wide"
            },
            "timing": {
              "create": "15/1/2024, 12:49:19",
              "update": "15/1/2024, 12:49:19"
            },
            "modifier": "wide",
            "position": 60
          },
          {
            "name": "Space",
            "type": "image",
            "tracking": true,
            "props": {
              "src": "assets/pixelsspace.png?w=768&h=1&ar=768",
              "modifier": "wide"
            },
            "timing": {
              "create": "15/1/2024, 12:50:29",
              "update": "15/1/2024, 12:50:29"
            },
            "modifier": "wide",
            "position": 61
          },
          {
            "brandText": "REGIONE CHE VAI",
            "name": "PROSCIUTTO CRUDO DI SAN DANIELE DOP",
            "description": "",
            "price": {
              "full": "3,19",
              "discount": "-21%",
              "discounted": "2,49",
              "priceDecimalSeparator": ",",
              "discountDecimalSeparator": ","
            },
            "productImage": "assets/1-5497.png?w=300&h=256&ar=1.171875",
            "specs": [
              {
                "src": "assets/1-1047.png?w=100&h=100&ar=1",
                "size": "large"
              },
              {
                "src": "assets/100_carne_italiana.png?w=100&h=100&ar=1",
                "size": "large"
              }
            ],
            "available": false,
            "highlights": [],
            "selectedBadge": "flag_ita",
            "unitType": "a confezione",
            "categoryId": 14637,
            "position": 62,
            "modifier": "cell",
            "subName": "90 g - € 27,67/kg",
            "hideBottomLine": false,
            "timing": {
              "create": "15/1/2024, 17:11:01",
              "update": "15/1/2024, 17:11:01"
            },
            "id": "65aaa793-c698-48e5-8bdf-2399ac1f48fc"
          },
          {
            "brandText": "REGIONE CHE VAI",
            "name": "SALSA DI POMODORO DATTERINO",
            "description": "",
            "price": {
              "full": "1,09",
              "discount": "-36%",
              "discounted": "0,69",
              "priceDecimalSeparator": ",",
              "discountDecimalSeparator": ","
            },
            "subName": "360 g - € 1,92/kg",
            "productImage": "assets/2-912.png?w=120&h=300&ar=0.4",
            "available": false,
            "highlights": [],
            "unitType": "a vasetto",
            "categoryId": 14431,
            "position": 63,
            "modifier": "cell",
            "hideBottomLine": false,
            "timing": {
              "create": "15/1/2024, 17:11:19",
              "update": "15/1/2024, 17:11:19"
            },
            "id": "65aaa793-4fc0-4143-bb0e-24afac1f3abc"
          },
          {
            "brandText": "REGIONE CHE VAI",
            "name": "ASIAGO FRESCO DOP / MONTASIO DOP A CUBETTI",
            "description": "",
            "price": {
              "discounted": "2,69",
              "priceDecimalSeparator": ",",
              "discountDecimalSeparator": ","
            },
            "subName": "200 g - € 13,45/kg",
            "productImage": "assets/3-742.png?w=300&h=203&ar=1.477832512315271",
            "specs": [
              {
                "src": "assets/1-1047.png?w=100&h=100&ar=1",
                "size": "large"
              }
            ],
            "available": false,
            "highlights": [],
            "unitType": "a confezione",
            "categoryId": 14529,
            "position": 64,
            "id": "65aaa794-e688-4cc9-8625-0bd2ac1f5aa6"
          },
          {
            "brandText": "REGIONE CHE VAI",
            "name": "ARISTA",
            "description": "arrosto",
            "price": {
              "discounted": "1,69",
              "priceDecimalSeparator": ",",
              "discountDecimalSeparator": ","
            },
            "subName": "100 g - € 16,90/kg",
            "productImage": "assets/4-680.png?w=256&h=300&ar=0.8533333333333334",
            "specs": [
              {
                "src": "assets/100_carne_italiana.png?w=100&h=100&ar=1",
                "size": "large"
              }
            ],
            "available": false,
            "highlights": [],
            "selectedBadge": "FLAG_ITA_ARROW_MEDIUM",
            "unitType": "a confezione",
            "modifier": "cell",
            "hideBottomLine": false,
            "timing": {
              "create": "15/1/2024, 12:29:01",
              "update": "15/1/2024, 12:29:13"
            },
            "categoryId": 14563,
            "position": 65,
            "id": "65aaa794-6118-452f-a398-38e2ac1f48fc"
          },
          {
            "brandText": "REGIONE CHE VAI",
            "name": "PORCHETTA DI ARICCIA IGP",
            "description": "",
            "price": {
              "discounted": "3,79",
              "priceDecimalSeparator": ",",
              "discountDecimalSeparator": ","
            },
            "subName": "180 g - € 21,06/kg",
            "productImage": "assets/5-609.png?w=227&h=300&ar=0.7566666666666667",
            "specs": [
              {
                "src": "assets/Indicazionegeografica.png?w=100&h=100&ar=1",
                "size": "small"
              }
            ],
            "available": false,
            "highlights": [],
            "unitType": "a confezione",
            "categoryId": 14626,
            "position": 66,
            "id": "65aaa795-f92c-454b-9f50-2479ac1f48fc"
          },
          {
            "brandText": "REGIONE CHE VAI",
            "name": "‘NDUJA DI SPILINGA",
            "description": "",
            "price": {
              "discounted": "2,49",
              "priceDecimalSeparator": ",",
              "discountDecimalSeparator": ","
            },
            "subName": "200 g - € 12,45/kg",
            "productImage": "assets/6-558.png?w=178&h=300&ar=0.5933333333333334",
            "available": false,
            "highlights": [],
            "unitType": "al pezzo",
            "categoryId": 14620,
            "position": 67,
            "id": "65aaa795-e220-416f-91fa-2444ac1f48fc"
          },
          {
            "brandText": "REGIONE CHE VAI",
            "name": "RIGATINO ALLA TOSCANA",
            "description": "",
            "price": {
              "discounted": "1,69",
              "priceDecimalSeparator": ",",
              "discountDecimalSeparator": ","
            },
            "subName": "100 g - € 16,90/kg",
            "productImage": "assets/7-501.png?w=253&h=300&ar=0.8433333333333334",
            "specs": [
              {
                "src": "assets/100_carne_italiana.png?w=100&h=100&ar=1",
                "size": "large"
              }
            ],
            "available": false,
            "highlights": [],
            "selectedBadge": "FLAG_ITA_ARROW_MEDIUM",
            "unitType": "a confezione",
            "modifier": "cell",
            "hideBottomLine": false,
            "timing": {
              "create": "15/1/2024, 12:29:27",
              "update": "15/1/2024, 12:29:27"
            },
            "categoryId": 14620,
            "position": 68,
            "id": "65aaa795-1944-47ce-ad9c-2460ac1f48fc"
          },
          {
            "brandText": "REGIONE CHE VAI",
            "name": "CICCIOLI",
            "description": "",
            "price": {
              "discounted": "1,79",
              "priceDecimalSeparator": ",",
              "discountDecimalSeparator": ","
            },
            "subName": "150 g - € 11,93/kg",
            "productImage": "assets/8-459.png?w=197&h=300&ar=0.6566666666666666",
            "specs": [
              {
                "src": "assets/100_carne_italiana.png?w=100&h=100&ar=1",
                "size": "large"
              }
            ],
            "available": false,
            "highlights": [],
            "selectedBadge": "FLAG_ITA_ARROW_MEDIUM",
            "unitType": "a confezione",
            "modifier": "cell",
            "hideBottomLine": false,
            "timing": {
              "create": "15/1/2024, 12:29:39",
              "update": "15/1/2024, 12:29:39"
            },
            "categoryId": 14620,
            "position": 69,
            "id": "65aaa796-db18-4efd-8438-0db9ac1f5aa6"
          },
          {
            "brandText": "REGIONE CHE VAI",
            "name": "TONNARELLI",
            "description": "",
            "price": {
              "discounted": "1,39",
              "priceDecimalSeparator": ",",
              "discountDecimalSeparator": ","
            },
            "subName": "450 g -€ 3,09/kg",
            "productImage": "assets/9-413.png?w=216&h=300&ar=0.72",
            "specs": [
              {
                "src": "assets/banco_frigo.png?w=98&h=100&ar=0.98",
                "size": "large"
              }
            ],
            "available": false,
            "highlights": [],
            "unitType": "a confezione",
            "categoryId": 14864,
            "position": 70,
            "id": "65aaa796-8438-4028-94fa-0c6eac1f5aa6"
          },
          {
            "brandText": "REGIONE CHE VAI",
            "name": "PASTA RIPIENA TOSCANA",
            "description": "cappelletti alla Chianina/ravioli al tartufo Bianchetto",
            "price": {
              "discounted": "1,99",
              "priceDecimalSeparator": ",",
              "discountDecimalSeparator": ","
            },
            "subName": "250 g - € 7,96/kg",
            "productImage": "assets/10-395.png?w=300&h=233&ar=1.2875536480686696",
            "specs": [
              {
                "src": "assets/banco_frigo.png?w=98&h=100&ar=0.98",
                "size": "large"
              }
            ],
            "available": false,
            "highlights": [],
            "unitType": "a confezione",
            "categoryId": 14871,
            "position": 71,
            "id": "65aaa797-ec20-49ce-8af7-0c6eac1f5aa6"
          },
          {
            "brandText": "REGIONE CHE VAI",
            "name": "TORTELLI DI ZUCCA",
            "description": "",
            "price": {
              "discounted": "2,29",
              "priceDecimalSeparator": ",",
              "discountDecimalSeparator": ","
            },
            "subName": "250 g - € 9,16/kg",
            "productImage": "assets/11-344.png?w=217&h=300&ar=0.7233333333333334",
            "specs": [
              {
                "src": "assets/banco_frigo.png?w=98&h=100&ar=0.98",
                "size": "large"
              }
            ],
            "available": false,
            "highlights": [],
            "unitType": "a confezione",
            "modifier": "wide",
            "hideBottomLine": false,
            "timing": {
              "create": "15/1/2024, 12:30:51",
              "update": "15/1/2024, 12:30:51"
            },
            "categoryId": 14871,
            "position": 72,
            "id": "65aaa797-4d38-4e68-9b9c-3c5bac1f48fc"
          },
          {
            "brandText": "REGIONE CHE VAI",
            "name": "CULURGIONIS",
            "description": "",
            "price": {
              "discounted": "2,79",
              "priceDecimalSeparator": ",",
              "discountDecimalSeparator": ","
            },
            "subName": "250 g - € 11,16/kg",
            "productImage": "assets/12-317.png?w=188&h=300&ar=0.6266666666666667",
            "specs": [
              {
                "src": "assets/banco_frigo.png?w=98&h=100&ar=0.98",
                "size": "large"
              }
            ],
            "available": false,
            "highlights": [],
            "unitType": "a confezione",
            "categoryId": 14369,
            "position": 73,
            "id": "65aaa797-752c-491c-b2a2-09b5ac1f5aa6"
          },
          {
            "brandText": "REGIONE CHE VAI",
            "name": "MINESTRA DI PANE \"RIBOLLITA\" ",
            "description": "",
            "price": {
              "discounted": "2,99",
              "priceDecimalSeparator": ",",
              "discountDecimalSeparator": ","
            },
            "subName": "250 g - € 11,96/kg",
            "productImage": "assets/13-272.png?w=300&h=243&ar=1.2345679012345678",
            "specs": [
              {
                "src": "assets/banco_frigo.png?w=98&h=100&ar=0.98",
                "size": "large"
              }
            ],
            "available": false,
            "highlights": [],
            "unitType": "a confezione",
            "categoryId": 14641,
            "position": 74,
            "id": "65aaa798-5794-48e7-a3dd-0c4cac1f5aa6"
          },
          {
            "brandText": "REGIONE CHE VAI",
            "name": "KRUMIRI PIEMONTESI",
            "description": "",
            "price": {
              "discounted": "2,79",
              "priceDecimalSeparator": ",",
              "discountDecimalSeparator": ","
            },
            "subName": "250 g - € 11,16/kg",
            "productImage": "assets/14-250.png?w=150&h=300&ar=0.5",
            "available": false,
            "highlights": [],
            "unitType": "a confezione",
            "categoryId": 14786,
            "position": 75,
            "id": "65aaa798-3f58-4d11-9668-2460ac1f48fc"
          },
          {
            "brandText": "REGIONE CHE VAI",
            "name": "CIOCCOLATO DI MODICA IGP",
            "description": "gusti vari",
            "price": {
              "discounted": "1,99",
              "priceDecimalSeparator": ",",
              "discountDecimalSeparator": ","
            },
            "subName": "100 g - € 19,90/kg",
            "productImage": "assets/15-215.png?w=300&h=230&ar=1.3043478260869565",
            "specs": [
              {
                "src": "assets/1-1085.png?w=88&h=100&ar=0.88",
                "size": "large"
              },
              {
                "src": "assets/Indicazionegeografica.png?w=100&h=100&ar=1",
                "size": "small"
              }
            ],
            "available": false,
            "highlights": [],
            "unitType": "a confezione",
            "categoryId": 14839,
            "position": 76,
            "id": "65aaa799-088c-409a-bb71-0c4cac1f5aa6"
          },
          {
            "brandText": "REGIONE CHE VAI",
            "name": "CUSCINETTI CROCCANTI SARDI",
            "description": "• classico<br/>• rosmarino<br/>• integrale",
            "price": {
              "discounted": "1,49",
              "priceDecimalSeparator": ",",
              "discountDecimalSeparator": ","
            },
            "subName": "160 g - € 9,31/kg",
            "productImage": "assets/16-192.png?w=300&h=262&ar=1.1450381679389312",
            "available": false,
            "highlights": [],
            "unitType": "a confezione",
            "categoryId": 14473,
            "position": 77,
            "id": "65aaa799-12d8-429c-8b22-0df1ac1f5aa6"
          },
          {
            "brandText": "REGIONE CHE VAI",
            "name": "RIGATONI DI AMATRICE",
            "description": "",
            "price": {
              "discounted": "2,19",
              "priceDecimalSeparator": ",",
              "discountDecimalSeparator": ","
            },
            "subName": "500 g - € 4,38/kg",
            "productImage": "assets/17-167.png?w=151&h=300&ar=0.5033333333333333",
            "specs": [
              {
                "src": "assets/1-1056.png?w=100&h=100&ar=1",
                "size": "large"
              }
            ],
            "available": false,
            "highlights": [],
            "selectedBadge": "FLAG_ITA_ARROW_MEDIUM",
            "unitType": "a vasetto",
            "modifier": "cell",
            "hideBottomLine": false,
            "timing": {
              "create": "15/1/2024, 12:29:57",
              "update": "15/1/2024, 12:29:57"
            },
            "categoryId": 14864,
            "position": 78,
            "id": "65aaa799-b624-4134-8586-271cac1f3abc"
          },
          {
            "brandText": "REGIONE CHE VAI",
            "name": "SUGO ALLA NORCINA",
            "description": "",
            "price": {
              "discounted": "2,49",
              "priceDecimalSeparator": ",",
              "discountDecimalSeparator": ","
            },
            "subName": "180 g - € 13,83/kg",
            "productImage": "assets/18-139.png?w=207&h=300&ar=0.69",
            "specs": [
              {
                "src": "assets/1-1056.png?w=100&h=100&ar=1",
                "size": "large"
              }
            ],
            "available": false,
            "highlights": [],
            "selectedBadge": "FLAG_ITA_ARROW_MEDIUM",
            "unitType": "a vasetto",
            "modifier": "cell",
            "hideBottomLine": false,
            "timing": {
              "create": "15/1/2024, 12:30:05",
              "update": "15/1/2024, 12:30:05"
            },
            "categoryId": 14719,
            "position": 79,
            "id": "65aaa79a-7048-4221-93cf-284dac1f3abc"
          },
          {
            "brandText": "REGIONE CHE VAI",
            "name": "CREMA DI 'NDUJA",
            "description": "",
            "price": {
              "discounted": "2,99",
              "priceDecimalSeparator": ",",
              "discountDecimalSeparator": ","
            },
            "subName": "180 g - € 16,61/kg",
            "productImage": "assets/19-105.png?w=212&h=300&ar=0.7066666666666667",
            "specs": [
              {
                "src": "assets/1-1056.png?w=100&h=100&ar=1",
                "size": "large"
              }
            ],
            "available": false,
            "highlights": [],
            "selectedBadge": "FLAG_ITA_ARROW_MEDIUM",
            "unitType": "a vasetto",
            "modifier": "cell",
            "hideBottomLine": false,
            "timing": {
              "create": "15/1/2024, 12:30:18",
              "update": "15/1/2024, 12:30:18"
            },
            "categoryId": 14686,
            "position": 80,
            "id": "65aaa79a-8040-4835-9850-271cac1f3abc"
          },
          {
            "brandText": "REGIONE CHE VAI",
            "name": "PESTO GENOVESE CON BASILICO DOP",
            "description": "genovese/alla ligure",
            "price": {
              "discounted": "1,99",
              "priceDecimalSeparator": ",",
              "discountDecimalSeparator": ","
            },
            "subName": "180 g - € 11,06/kg",
            "productImage": "assets/20-80.png?w=258&h=300&ar=0.86",
            "available": false,
            "highlights": [],
            "unitType": "a vasetto",
            "categoryId": 14715,
            "position": 81,
            "id": "65aaa79a-e8a0-449a-a4c7-3bccac1f48fc"
          },
          {
            "brandText": "REGIONE CHE VAI",
            "name": "ZUCCHINE ALLA SCAPECE",
            "description": "",
            "price": {
              "discounted": "2,49",
              "priceDecimalSeparator": ",",
              "discountDecimalSeparator": ","
            },
            "subName": "280 g - € 8,89/kg",
            "productImage": "assets/21-70.png?w=174&h=300&ar=0.58",
            "available": false,
            "highlights": [],
            "unitType": "a vasetto",
            "categoryId": 14435,
            "position": 82,
            "id": "65aaa79b-3288-44bf-b8c6-0843ac1f5aa6"
          },
          {
            "brandText": "REGIONE CHE VAI",
            "name": "PASTE DI MANDORLA",
            "description": "",
            "price": {
              "discounted": "2,99",
              "priceDecimalSeparator": ",",
              "discountDecimalSeparator": ","
            },
            "subName": "150 g - € 19,93/kg",
            "productImage": "assets/22-57.png?w=135&h=300&ar=0.45",
            "available": false,
            "highlights": [],
            "unitType": "a confezione",
            "categoryId": 14810,
            "position": 83,
            "id": "65aaa79b-9d08-400b-ba4c-2861ac1f3abc"
          },
          {
            "brandText": "REGIONE CHE VAI",
            "name": "FARINATA DI CECI",
            "description": "",
            "price": {
              "discounted": "2,39",
              "priceDecimalSeparator": ",",
              "discountDecimalSeparator": ","
            },
            "subName": "320 g - € 7,47/kg",
            "productImage": "assets/23-45.png?w=284&h=300&ar=0.9466666666666667",
            "specs": [
              {
                "src": "assets/surgelato-1.png?w=81&h=100&ar=0.81",
                "size": "large"
              }
            ],
            "available": false,
            "highlights": [],
            "unitType": "a confezione",
            "categoryId": 14749,
            "position": 84,
            "id": "65aaa79b-7588-4dc6-a372-282bac1f3abc"
          },
          {
            "brandText": "REGIONE CHE VAI",
            "name": "PASTICCIOTTO LECCESE",
            "description": "• friabile pasta frolla con un ricco ripieno di crema pasticcera, lavorazione artigianale<br/>• 4 pezzi",
            "price": {
              "discounted": "2,59",
              "priceDecimalSeparator": ",",
              "discountDecimalSeparator": ","
            },
            "subName": "320 g - € 8,09/kg",
            "productImage": "assets/24-43.png?w=300&h=265&ar=1.1320754716981132",
            "specs": [
              {
                "src": "assets/surgelato-1.png?w=81&h=100&ar=0.81",
                "size": "large"
              },
              {
                "src": "assets/1-1043.png?w=100&h=100&ar=1",
                "size": "large"
              }
            ],
            "available": false,
            "highlights": [],
            "unitType": "a confezione",
            "categoryId": 14810,
            "position": 85,
            "id": "65aaa79c-5e58-4871-bbcd-3c65ac1f48fc"
          },
          {
            "brandText": "REGIONE CHE VAI",
            "name": "CANNOLI SICILIANI",
            "description": "• con ricotta 100% italiana<br/>• 2 pezzi",
            "price": {
              "discounted": "3,59",
              "priceDecimalSeparator": ",",
              "discountDecimalSeparator": ","
            },
            "subName": "240 g - € 14,96/kg",
            "productImage": "assets/25-40.png?w=300&h=239&ar=1.2552301255230125",
            "specs": [
              {
                "src": "assets/surgelato-1.png?w=81&h=100&ar=0.81",
                "size": "large"
              }
            ],
            "available": false,
            "highlights": [],
            "unitType": "a confezione",
            "categoryId": 14810,
            "position": 86,
            "id": "65aaa79c-0c4c-49ac-a2cc-2859ac1f3abc"
          }
        ],
        "id": "dispensa_1705317510181",
        "backgroundPattern": "assets/aaaaltrosfondo_prodotti_specialitaregionali.png?w=768&h=4000&ar=0.192",
        "timing": {
          "create": "15/1/2024, 12:49:49",
          "update": "15/1/2024, 12:50:07"
        }
      },
      {
        "name": "",
        "products": [
          {
            "brandText": "GOURMET FINEST CUISINE",
            "name": "GAMBERI PREMIUM",
            "description": "gambero rosso argentino/gambero gigante indopacifico",
            "price": {
              "discounted": "3,59",
              "priceDecimalSeparator": ",",
              "discountDecimalSeparator": ","
            },
            "subName": "100 g - € 35,90/kg",
            "productImage": "assets/1-5498.png?w=300&h=209&ar=1.4354066985645932",
            "specs": [
              {
                "src": "assets/ascorizzontale.png?w=171&h=83&ar=2.0602409638554215",
                "size": "large"
              },
              {
                "src": "assets/banco_frigo.png?w=98&h=100&ar=0.98",
                "size": "large"
              }
            ],
            "available": false,
            "highlights": [],
            "unitType": "a confezione",
            "categoryId": 14931,
            "position": 87,
            "id": "65aaa79c-dd40-4b12-9e3f-3c5bac1f48fc"
          },
          {
            "brandText": "WONNEMEYER",
            "name": "HUMMUS XXL",
            "description": "classico/piccante",
            "price": {
              "discounted": "2,49",
              "priceDecimalSeparator": ",",
              "discountDecimalSeparator": ","
            },
            "subName": "450 g - € 5,53/kg",
            "productImage": "assets/2-913.png?w=300&h=222&ar=1.3513513513513513",
            "specs": [
              {
                "src": "assets/vegan.png?w=81&h=100&ar=0.81",
                "size": "large"
              },
              {
                "src": "assets/banco_frigo.png?w=98&h=100&ar=0.98",
                "size": "large"
              }
            ],
            "available": false,
            "highlights": [],
            "unitType": "a confezione",
            "categoryId": 14369,
            "position": 88,
            "id": "65aaa79d-82ac-4777-afb5-2861ac1f3abc"
          },
          {
            "brandText": "PAN DEL DI",
            "name": "ARANCINA DI CARNE",
            "description": "",
            "price": {
              "discounted": "1,29",
              "priceDecimalSeparator": ",",
              "discountDecimalSeparator": ","
            },
            "subName": "100 g - € 12,90/kg",
            "productImage": "assets/3-743.png?w=279&h=300&ar=0.93",
            "specs": [
              {
                "src": "assets/1-1075.png?w=129&h=100&ar=1.29",
                "size": "large"
              }
            ],
            "available": false,
            "highlights": [],
            "unitType": "al pezzo",
            "categoryId": 14654,
            "position": 89,
            "id": "65aaa79d-27b4-45ea-9202-282bac1f3abc"
          },
          {
            "brandText": "KING‘S CROWN",
            "name": "PISELLI E CAROTINE",
            "description": "",
            "price": {
              "discounted": "1,99",
              "priceDecimalSeparator": ",",
              "discountDecimalSeparator": ","
            },
            "subName": "3 x 200 g - € 5,10/kg sgocc.",
            "productImage": "assets/4-681.png?w=300&h=127&ar=2.3622047244094486",
            "available": false,
            "highlights": [],
            "unitType": "a confezione",
            "categoryId": 14469,
            "position": 90,
            "id": "65aaa79d-4340-40ad-b997-2755ac1f3abc"
          },
          {
            "brandText": "WASA",
            "name": "ORIGINAL",
            "description": "",
            "price": {
              "discounted": "2,29",
              "priceDecimalSeparator": ",",
              "discountDecimalSeparator": ","
            },
            "subName": "275 g - € 8,33/kg",
            "productImage": "assets/5-610.png?w=300&h=251&ar=1.1952191235059761",
            "available": false,
            "highlights": [],
            "unitType": "a confezione",
            "categoryId": 14529,
            "position": 91,
            "id": "65aaa79e-ba24-4da0-bd16-2755ac1f3abc"
          },
          {
            "name": "CHIPS DI MELA",
            "description": "",
            "price": {
              "discounted": "1,99",
              "priceDecimalSeparator": ",",
              "discountDecimalSeparator": ","
            },
            "subName": "100 g - € 19,90/kg",
            "productImage": "assets/6-559.png?w=242&h=300&ar=0.8066666666666666",
            "available": false,
            "highlights": [],
            "unitType": "a confezione",
            "brandText": "GUTES AUS DER REGION",
            "modifier": "cell",
            "hideBottomLine": false,
            "timing": {
              "create": "15/1/2024, 12:31:31",
              "update": "15/1/2024, 12:31:31"
            },
            "categoryId": 14473,
            "position": 92,
            "id": "65aaa79e-3120-47bc-9397-282bac1f3abc"
          },
          {
            "brandText": "LEMONSODA",
            "name": "LEMONSODA/ORANSODA",
            "description": "",
            "price": {
              "discounted": "0,85",
              "priceDecimalSeparator": ",",
              "discountDecimalSeparator": ","
            },
            "subName": "500 ml - € 1,70/litro",
            "productImage": "assets/7-502.png?w=235&h=300&ar=0.7833333333333333",
            "available": false,
            "highlights": [],
            "unitType": "a lattina",
            "categoryId": 15017,
            "position": 93,
            "id": "65aaa79e-b798-4d74-aa82-2402ac1f48fc"
          },
          {
            "brandText": "MESSINA",
            "name": "BIRRA",
            "description": "4,7% vol.",
            "price": {
              "discounted": "2,29",
              "priceDecimalSeparator": ",",
              "discountDecimalSeparator": ","
            },
            "subName": "3 x 330 ml - € 2,31/litro",
            "productImage": "assets/8-460.png?w=255&h=300&ar=0.85",
            "available": false,
            "highlights": [],
            "unitType": "a confezione",
            "categoryId": 14988,
            "position": 94,
            "id": "65aaa79f-4410-442f-a60a-0bbbac1f5aa6"
          },
          {
            "brandText": "MÜLLER",
            "name": "YOGURT CREMOSO ALLA FRUTTA",
            "description": "",
            "price": {
              "discounted": "2,69",
              "priceDecimalSeparator": ",",
              "discountDecimalSeparator": ","
            },
            "subName": "8 x 125 g - € 2,69/kg",
            "productImage": "assets/1-5499.png?w=300&h=116&ar=2.586206896551724",
            "available": false,
            "highlights": [],
            "unitType": "a confezione",
            "categoryId": 14512,
            "position": 95,
            "id": "65aaa79f-a2a8-4f9d-8256-2755ac1f3abc"
          },
          {
            "brandText": "ACTIMEL",
            "name": "FRAGOLA",
            "description": "",
            "price": {
              "discounted": "3,49",
              "priceDecimalSeparator": ",",
              "discountDecimalSeparator": ","
            },
            "subName": "12 x 100 g - € 2,91/kg",
            "productImage": "assets/2-914.png?w=300&h=153&ar=1.9607843137254901",
            "available": false,
            "highlights": [],
            "unitType": "a confezione",
            "categoryId": 14384,
            "position": 96,
            "id": "65aaa7a0-da98-4b9b-b35c-2709ac1f3abc"
          },
          {
            "name": "MUFFIN OREO",
            "description": "",
            "price": {
              "discounted": "1,29",
              "priceDecimalSeparator": ",",
              "discountDecimalSeparator": ","
            },
            "subName": "80 g - € 16,13/kg",
            "productImage": "assets/3-744.png?w=300&h=286&ar=1.048951048951049",
            "specs": [
              {
                "src": "assets/1-1075.png?w=129&h=100&ar=1.29",
                "size": "large"
              }
            ],
            "available": false,
            "highlights": [],
            "unitType": "al pezzo",
            "brandText": "PAN DEL DI / OREO",
            "modifier": "cell",
            "hideBottomLine": false,
            "timing": {
              "create": "15/1/2024, 12:31:52",
              "update": "15/1/2024, 12:31:52"
            },
            "categoryId": 14810,
            "position": 97,
            "id": "65aaa7a0-5cc4-43bd-92d5-271cac1f3abc"
          },
          {
            "brandText": "CREAPAN",
            "name": "CRÊPES",
            "description": "",
            "price": {
              "discounted": "2,49",
              "priceDecimalSeparator": ",",
              "discountDecimalSeparator": ","
            },
            "subName": "405 g - € 6,15/kg",
            "productImage": "assets/4-682.png?w=300&h=299&ar=1.0033444816053512",
            "specs": [
              {
                "src": "assets/banco_frigo.png?w=98&h=100&ar=0.98",
                "size": "large"
              }
            ],
            "available": false,
            "highlights": [],
            "unitType": "a confezione",
            "categoryId": 14641,
            "position": 98,
            "id": "65aaa7a0-f334-49cd-aa0b-27abac1f3abc"
          },
          {
            "brandText": "GOOD CHOICE",
            "name": "CROSTATA AL LIMONE",
            "description": "",
            "price": {
              "discounted": "3,79",
              "priceDecimalSeparator": ",",
              "discountDecimalSeparator": ","
            },
            "subName": "300 g - € 12,63/kg",
            "productImage": "assets/5-611.png?w=300&h=278&ar=1.079136690647482",
            "specs": [
              {
                "src": "assets/banco_frigo.png?w=98&h=100&ar=0.98",
                "size": "large"
              }
            ],
            "available": false,
            "highlights": [],
            "unitType": "a confezione",
            "categoryId": 14810,
            "position": 99,
            "id": "65aaa7a1-a1cc-41eb-b6cb-0c45ac1f5aa6"
          },
          {
            "brandText": "PARMALAT",
            "name": "LATTE UHT PARZ. SCREMATO PRISMA",
            "description": "",
            "price": {
              "discounted": "1,09",
              "priceDecimalSeparator": ",",
              "discountDecimalSeparator": ","
            },
            "subName": "1 l",
            "productImage": "assets/6-560.png?w=94&h=300&ar=0.31333333333333335",
            "available": false,
            "highlights": [],
            "unitType": "al pezzo",
            "categoryId": 14520,
            "position": 100,
            "id": "65aaa7a1-9f94-4503-976e-2709ac1f3abc"
          },
          {
            "brandText": "ALPRO",
            "name": "BEVANDE VEGETALI",
            "description": "• alla soia<br/>• all‘avena<br/>• alla mandorla",
            "price": {
              "discounted": "1,99",
              "priceDecimalSeparator": ",",
              "discountDecimalSeparator": ","
            },
            "subName": "1 l",
            "productImage": "assets/7-503.png?w=257&h=300&ar=0.8566666666666667",
            "available": false,
            "highlights": [],
            "unitType": "al pezzo",
            "categoryId": 15017,
            "position": 101,
            "id": "65aaa7a1-6984-4a3d-ba2a-2473ac1f48fc"
          },
          {
            "brandText": "MISURA",
            "name": "CORNETTI FIBREXTRA INTEGRALI",
            "description": "frutti di bosco, barbabietola e uva/zucca,carota e arancia",
            "price": {
              "discounted": "2,59",
              "priceDecimalSeparator": ",",
              "discountDecimalSeparator": ","
            },
            "subName": "308 g - € 8,41/kg",
            "productImage": "assets/8-461.png?w=300&h=272&ar=1.1029411764705883",
            "available": false,
            "highlights": [],
            "unitType": "a confezione",
            "categoryId": 14802,
            "position": 102,
            "id": "65aaa7a2-99ec-42a3-b1d7-2709ac1f3abc"
          },
          {
            "name": "KINDER COLAZIONE PIÙ INTEGRALE",
            "description": "",
            "price": {
              "discounted": "2,49",
              "priceDecimalSeparator": ",",
              "discountDecimalSeparator": ","
            },
            "subName": "290 g - € 8,59/kg",
            "productImage": "assets/9-414.png?w=152&h=300&ar=0.5066666666666667",
            "available": false,
            "highlights": [],
            "unitType": "a confezione",
            "brandText": "KINDER",
            "modifier": "cell",
            "hideBottomLine": false,
            "timing": {
              "create": "15/1/2024, 12:32:15",
              "update": "15/1/2024, 12:32:15"
            },
            "categoryId": 14808,
            "position": 103,
            "id": "65aaa7a2-9094-4766-9dfc-209fac1f3abc"
          },
          {
            "brandText": "MONVISO",
            "name": "FETTE BISCOTTATE AL CIOCCOLATO",
            "description": "• cioccolato fondente<br/>• cioccolato gianduia<br/>• cioccolato e caramello<br/>",
            "price": {
              "discounted": "2,49",
              "priceDecimalSeparator": ",",
              "discountDecimalSeparator": ","
            },
            "subName": "180 g - € 13,83/kg",
            "productImage": "assets/10-396.png?w=300&h=271&ar=1.1070110701107012",
            "available": false,
            "highlights": [],
            "unitType": "a confezione",
            "categoryId": 14792,
            "position": 104,
            "id": "65aaa7a2-cd28-4a51-bb07-238aac1f48fc"
          },
          {
            "brandText": "FINEST BAKERY",
            "name": "BISCOTTI CROCCANTI",
            "description": "",
            "price": {
              "discounted": "1,99",
              "priceDecimalSeparator": ",",
              "discountDecimalSeparator": ","
            },
            "subName": "200 g - € 9,95/kg",
            "productImage": "assets/11-345.png?w=234&h=300&ar=0.78",
            "available": false,
            "highlights": [],
            "unitType": "a confezione",
            "categoryId": 16006,
            "position": 105,
            "id": "65aaa7a3-ca2c-44c9-af42-23fbac1f48fc"
          },
          {
            "brandText": "VICENZI",
            "name": "GRISBÌ",
            "description": "",
            "price": {
              "discounted": "1,99",
              "priceDecimalSeparator": ",",
              "discountDecimalSeparator": ","
            },
            "subName": "250 g - € 7,96/kg",
            "productImage": "assets/12-318.png?w=237&h=300&ar=0.79",
            "available": false,
            "highlights": [],
            "unitType": "a confezione",
            "categoryId": 14786,
            "position": 106,
            "id": "65aaa7a3-f444-46d1-9bbb-209fac1f3abc"
          },
          {
            "brandText": "KELLOGG‘S",
            "name": "COCO POPS BARCHETTE",
            "description": "",
            "price": {
              "discounted": "2,99",
              "priceDecimalSeparator": ",",
              "discountDecimalSeparator": ","
            },
            "subName": "365 g - € 8,19/kg",
            "productImage": "assets/13-273.png?w=238&h=300&ar=0.7933333333333333",
            "available": false,
            "highlights": [],
            "unitType": "a confezione",
            "categoryId": 14777,
            "position": 107,
            "id": "65aaa7a3-5b7c-43db-9aa6-2742ac1f3abc"
          },
          {
            "brandText": "CEREALITALIA",
            "name": "BARRETTE MULTICEREALI",
            "description": "con cioccolato fondente",
            "price": {
              "discounted": "1,69",
              "priceDecimalSeparator": ",",
              "discountDecimalSeparator": ","
            },
            "subName": "126 g - € 13,41/kg",
            "productImage": "assets/14-251.png?w=300&h=290&ar=1.0344827586206897",
            "available": false,
            "highlights": [],
            "unitType": "a confezione",
            "categoryId": 14754,
            "position": 108,
            "id": "65aaa7a4-1e2c-421d-9a07-0cd5ac1f5aa6"
          },
          {
            "brandText": "ILLY",
            "name": "CAPSULE CAFFÈ",
            "description": "• classico/decaffeinato compatibili Nespresso<br/>• 10 pezzi",
            "price": {
              "discounted": "3,99",
              "priceDecimalSeparator": ",",
              "discountDecimalSeparator": ","
            },
            "subName": "€ 0,40/pezzo",
            "productImage": "assets/15-216.png?w=299&h=300&ar=0.9966666666666667",
            "available": false,
            "highlights": [],
            "unitType": "a confezione",
            "categoryId": 14762,
            "position": 109,
            "id": "65aaa7a4-2aa4-487c-89d3-265bac1f3abc"
          },
          {
            "brandText": "PFANNER",
            "name": "BEVANDA ALLA FRUTTA",
            "description": "ACE rosso/mela verde",
            "price": {
              "discounted": "1,79",
              "priceDecimalSeparator": ",",
              "discountDecimalSeparator": ","
            },
            "subName": "2 l - € 0,90/litro",
            "productImage": "assets/16-193.png?w=211&h=300&ar=0.7033333333333334",
            "available": false,
            "highlights": [],
            "unitType": "al pezzo",
            "categoryId": 15039,
            "position": 110,
            "id": "65aaa7a4-eb74-4e6c-8abd-2399ac1f48fc"
          },
          {
            "brandText": "APPLESNACK",
            "name": "SUCCO DI MELA",
            "description": "",
            "price": {
              "discounted": "1,99",
              "priceDecimalSeparator": ",",
              "discountDecimalSeparator": ","
            },
            "subName": "1 l",
            "productImage": "assets/17-168.png?w=95&h=300&ar=0.31666666666666665",
            "available": false,
            "highlights": [],
            "unitType": "a bottiglia",
            "categoryId": 15039,
            "position": 111,
            "id": "65aaa7a5-7a74-4686-b822-238aac1f48fc"
          },
          {
            "brandText": "SAN BENEDETTO",
            "name": "SUCCOSO ZERO",
            "description": "ACE",
            "price": {
              "discounted": "0,99",
              "priceDecimalSeparator": ",",
              "discountDecimalSeparator": ","
            },
            "subName": "900 ml - € 1,10/litro",
            "productImage": "assets/18-140.png?w=134&h=300&ar=0.44666666666666666",
            "available": false,
            "highlights": [],
            "unitType": "al pezzo",
            "categoryId": 15039,
            "position": 112,
            "id": "65aaa7a5-9058-4942-b46d-0c7eac1f5aa6"
          }
        ]
      },
      {
        "name": "",
        "header": {
          "type": "image",
          "props": {
            "src": "assets/prezzibloccati_heroslider.jpg?w=768&h=387&ar=1.9844961240310077"
          }
        },
        "products": [
          {
            "brandText": "IL PODERE CARNE AVICOLA",
            "name": "PETTO DI POLLO INTERO",
            "description": "",
            "price": {
              "discounted": "4,79",
              "priceDecimalSeparator": ",",
              "discountDecimalSeparator": ","
            },
            "subName": "600 g - € 7,98/kg",
            "productImage": "assets/1-5500.png?w=300&h=227&ar=1.3215859030837005",
            "specs": [
              {
                "src": "assets/100_carne_italiana.png?w=100&h=100&ar=1",
                "size": "large"
              }
            ],
            "available": false,
            "highlights": [],
            "selectedBadge": "Assortimento_flagita",
            "unitType": "a confezione",
            "categoryId": 14600,
            "position": 113,
            "id": "65aaa7a5-6808-41ea-818d-2459ac1f48fc"
          },
          {
            "brandText": "IL PODERE",
            "name": "MACINATO MISTO",
            "description": "di bovino e suino",
            "price": {
              "discounted": "3,99",
              "priceDecimalSeparator": ",",
              "discountDecimalSeparator": ","
            },
            "subName": "500 g - € 7,98/kg",
            "productImage": "assets/2-915.png?w=300&h=191&ar=1.5706806282722514",
            "specs": [
              {
                "src": "assets/100_carne_italiana.png?w=100&h=100&ar=1",
                "size": "large"
              }
            ],
            "available": false,
            "highlights": [],
            "selectedBadge": "Assortimento_flagita",
            "unitType": "a confezione",
            "categoryId": 14608,
            "position": 114,
            "id": "65aaa7a6-e2fc-4e49-bd9a-0b1cac1f5aa6"
          },
          {
            "brandText": "BONLÀ FORMAGGI",
            "name": "RICOTTA",
            "description": "",
            "price": {
              "discounted": "1,59",
              "priceDecimalSeparator": ",",
              "discountDecimalSeparator": ","
            },
            "subName": "300 g - € 5,30/kg",
            "productImage": "assets/3-745.png?w=295&h=300&ar=0.9833333333333333",
            "specs": [
              {
                "src": "assets/1-1042.png?w=100&h=100&ar=1",
                "size": "large"
              }
            ],
            "available": false,
            "highlights": [],
            "selectedBadge": "Assortimento_flagita",
            "unitType": "al pezzo",
            "categoryId": 14538,
            "position": 115,
            "id": "65aaa7a6-e484-437e-8a0e-23bbac1f48fc"
          },
          {
            "brandText": "MILSANI",
            "name": "EMMENTAL BAVARESE",
            "description": "",
            "price": {
              "discounted": "3,49",
              "priceDecimalSeparator": ",",
              "discountDecimalSeparator": ","
            },
            "subName": "400 g - € 8,73/kg",
            "productImage": "assets/4-683.png?w=300&h=141&ar=2.127659574468085",
            "available": false,
            "highlights": [],
            "selectedBadge": "dal nostro assortimento",
            "unitType": "al pezzo",
            "categoryId": 14561,
            "position": 116,
            "id": "65aaa7a6-5c94-4424-89fd-209fac1f3abc"
          },
          {
            "brandText": "GOURMET FINEST CUISINE",
            "name": "GRANA PADANO DOP RISERVA GRATTUGIATO",
            "description": "stagionato oltre 20 mesi",
            "price": {
              "discounted": "1,49",
              "priceDecimalSeparator": ",",
              "discountDecimalSeparator": ","
            },
            "subName": "90 g - € 16,56/kg",
            "productImage": "assets/5-612.png?w=214&h=300&ar=0.7133333333333334",
            "specs": [
              {
                "src": "assets/banco_frigo.png?w=98&h=100&ar=0.98",
                "size": "large"
              },
              {
                "src": "assets/1-1047.png?w=100&h=100&ar=1",
                "size": "large"
              },
              {
                "src": "assets/1-1042.png?w=100&h=100&ar=1",
                "size": "large"
              }
            ],
            "available": false,
            "highlights": [],
            "selectedBadge": "Assortimento_flagita",
            "unitType": "a confezione",
            "categoryId": 14529,
            "position": 117,
            "id": "65aaa7a7-52f4-4d9c-a9e9-0db9ac1f5aa6"
          },
          {
            "brandText": "GOURMET FINEST CUISINE",
            "name": "PROSCIUTTO COTTO",
            "description": "cotto lentamente a vapore",
            "price": {
              "discounted": "2,99",
              "priceDecimalSeparator": ",",
              "discountDecimalSeparator": ","
            },
            "subName": "120 g - € 24,92/kg",
            "productImage": "assets/6-561.png?w=300&h=245&ar=1.2244897959183674",
            "specs": [
              {
                "src": "assets/100_carne_italiana.png?w=100&h=100&ar=1",
                "size": "large"
              }
            ],
            "available": false,
            "highlights": [],
            "selectedBadge": "Assortimento_flagita",
            "unitType": "a confezione",
            "categoryId": 14633,
            "position": 118,
            "id": "65aaa7a7-259c-4b3a-bd47-3be0ac1f48fc"
          },
          {
            "name": "FILETTI DI TONNO",
            "description": "in olio di oliva",
            "price": {
              "discounted": "3,29",
              "priceDecimalSeparator": ",",
              "discountDecimalSeparator": ","
            },
            "subName": "200 g - € 16,45/kg",
            "productImage": "assets/7-504.png?w=223&h=300&ar=0.7433333333333333",
            "available": false,
            "highlights": [],
            "selectedBadge": "dal nostro assortimento",
            "unitType": "a vasetto",
            "brandText": "ALMARE SEAFOOD",
            "modifier": "cell",
            "hideBottomLine": false,
            "timing": {
              "create": "15/1/2024, 12:33:06",
              "update": "15/1/2024, 12:33:06"
            },
            "categoryId": 14691,
            "position": 119,
            "id": "65aaa7a7-c134-4623-80e2-2531ac1f3abc"
          },
          {
            "brandText": "HAPPY HARVEST",
            "name": "FIOCCHI D’AVENA",
            "description": "fini/integrali",
            "price": {
              "discounted": "0,95",
              "priceDecimalSeparator": ",",
              "discountDecimalSeparator": ","
            },
            "subName": "500 g - € 1,90/kg",
            "productImage": "assets/8-462.png?w=300&h=274&ar=1.094890510948905",
            "available": false,
            "highlights": [],
            "selectedBadge": "dal nostro assortimento",
            "unitType": "a confezione",
            "categoryId": 14773,
            "position": 120,
            "id": "65aaa7a7-3cb4-4ea0-af06-3be0ac1f48fc"
          },
          {
            "brandText": "BIO NATURA",
            "name": "BEVANDA AVENA BIO",
            "description": "",
            "price": {
              "discounted": "1,49",
              "priceDecimalSeparator": ",",
              "discountDecimalSeparator": ","
            },
            "subName": "1 l",
            "productImage": "assets/9-415.png?w=119&h=300&ar=0.39666666666666667",
            "specs": [
              {
                "src": "assets/vegan.png?w=81&h=100&ar=0.81",
                "size": "large"
              }
            ],
            "available": false,
            "highlights": [],
            "selectedBadge": "dal nostro assortimento",
            "unitType": "a confezione",
            "categoryId": 15017,
            "position": 121,
            "id": "65aaa7a8-f4cc-431b-9bdf-3be0ac1f48fc"
          },
          {
            "brandText": "I COLORI DEL SAPORE",
            "name": "UOVA GRANDI",
            "description": "6 pezzi",
            "price": {
              "discounted": "1,49",
              "priceDecimalSeparator": ",",
              "discountDecimalSeparator": ","
            },
            "subName": "€ 0,25/pezzo",
            "productImage": "assets/10-397.png?w=300&h=201&ar=1.492537313432836",
            "specs": [
              {
                "src": "assets/1-1056.png?w=100&h=100&ar=1",
                "size": "large"
              },
              {
                "src": "assets/1-1043.png?w=100&h=100&ar=1",
                "size": "large"
              }
            ],
            "available": false,
            "highlights": [],
            "selectedBadge": "Assortimento_flagita",
            "unitType": "a confezione",
            "categoryId": 14505,
            "position": 122,
            "id": "65aaa7a8-59e4-41cb-98b5-0c6dac1f5aa6"
          },
          {
            "brandText": "AMERICAN",
            "name": "AMERICAN SANDWICH",
            "description": "",
            "price": {
              "discounted": "1,49",
              "priceDecimalSeparator": ",",
              "discountDecimalSeparator": ","
            },
            "productImage": "assets/11-346.png?w=98&h=300&ar=0.32666666666666666",
            "specs": [
              {
                "src": "assets/vegan.png?w=81&h=100&ar=0.81",
                "size": "large"
              }
            ],
            "available": false,
            "highlights": [],
            "selectedBadge": "dal nostro assortimento",
            "unitType": "a confezione",
            "categoryId": 14754,
            "position": 123,
            "modifier": "cell",
            "subName": "750 g - € 1,99/kg",
            "hideBottomLine": false,
            "timing": {
              "create": "16/1/2024, 10:36:21",
              "update": "16/1/2024, 10:36:21"
            },
            "id": "65aaa7a8-3280-4035-9a99-2761ac1f3abc"
          },
          {
            "brandText": "AMERICAN",
            "name": "AMERICAN COOKIES",
            "description": "con pezzi di cioccolato/doppio cioccolato",
            "price": {
              "discounted": "1,49",
              "priceDecimalSeparator": ",",
              "discountDecimalSeparator": ","
            },
            "subName": "225 g - € 6,62/kg",
            "productImage": "assets/12-319.png?w=300&h=86&ar=3.488372093023256",
            "available": false,
            "highlights": [],
            "selectedBadge": "dal nostro assortimento",
            "unitType": "a confezione",
            "categoryId": 14786,
            "position": 124,
            "id": "65aaa7a9-b038-4b54-9608-39b9ac1f48fc"
          },
          {
            "brandText": "GRANDESSA",
            "name": "MIELE MILLEFIORI",
            "description": "",
            "price": {
              "discounted": "3,69",
              "priceDecimalSeparator": ",",
              "discountDecimalSeparator": ","
            },
            "subName": "500 g - € 7,38/kg",
            "productImage": "assets/13-274.png?w=125&h=300&ar=0.4166666666666667",
            "available": false,
            "highlights": [],
            "selectedBadge": "dal nostro assortimento",
            "unitType": "al pezzo",
            "categoryId": 14781,
            "position": 125,
            "id": "65aaa7aa-21a8-4368-a72d-0c7eac1f5aa6"
          },
          {
            "brandText": "HAPPY HARVEST",
            "name": "NOCI DEL BRASILE",
            "description": "",
            "price": {
              "discounted": "3,79",
              "priceDecimalSeparator": ",",
              "discountDecimalSeparator": ","
            },
            "subName": "200 g - € 18,95/kg",
            "productImage": "assets/14-252.png?w=229&h=300&ar=0.7633333333333333",
            "available": false,
            "highlights": [],
            "unitType": "a confezione",
            "categoryId": 14403,
            "position": 126,
            "modifier": "cell",
            "selectedBadge": "dal nostro assortimento",
            "hideBottomLine": false,
            "timing": {
              "create": "15/1/2024, 17:14:09",
              "update": "15/1/2024, 17:14:09"
            },
            "id": "65aaa7aa-43b4-4b1f-abc5-27fbac1f3abc"
          },
          {
            "brandText": "BUON΄ORA",
            "name": "MINI CROISSANT",
            "description": "",
            "price": {
              "discounted": "1,29",
              "priceDecimalSeparator": ",",
              "discountDecimalSeparator": ","
            },
            "subName": "200 g - € 6,45/kg",
            "productImage": "assets/15-217.png?w=208&h=300&ar=0.6933333333333334",
            "specs": [
              {
                "src": "assets/1-1043.png?w=100&h=100&ar=1",
                "size": "large"
              }
            ],
            "available": false,
            "highlights": [],
            "selectedBadge": "dal nostro assortimento",
            "unitType": "a confezione",
            "categoryId": 14803,
            "position": 127,
            "id": "65aaa7aa-739c-45af-80fb-0c6eac1f5aa6"
          },
          {
            "brandText": "BELLASAN",
            "name": "OLIO DI SEMI DI ARACHIDE",
            "description": "",
            "price": {
              "discounted": "3,39",
              "priceDecimalSeparator": ",",
              "discountDecimalSeparator": ","
            },
            "subName": "1 l",
            "productImage": "assets/16-194.png?w=88&h=300&ar=0.29333333333333333",
            "available": false,
            "highlights": [],
            "selectedBadge": "dal nostro assortimento",
            "unitType": "a bottiglia",
            "categoryId": 14708,
            "position": 128,
            "id": "65aaa7aa-85e4-4d65-bdb7-2761ac1f3abc"
          },
          {
            "name": "FISH FINGERS MSC",
            "description": "bastoncini di pesce impanati",
            "price": {
              "discounted": "2,39",
              "priceDecimalSeparator": ",",
              "discountDecimalSeparator": ","
            },
            "subName": "450 g - € 5,31/kg",
            "productImage": "assets/17-169.png?w=300&h=106&ar=2.830188679245283",
            "specs": [
              {
                "src": "assets/surgelato-1.png?w=81&h=100&ar=0.81",
                "size": "large"
              },
              {
                "src": "assets/check.png?w=140&h=52&ar=2.6923076923076925",
                "size": "large"
              },
              {
                "src": "assets/mscorizzontale.png?w=141&h=60&ar=2.35",
                "size": "large"
              }
            ],
            "available": false,
            "highlights": [],
            "selectedBadge": "dal nostro assortimento",
            "unitType": "a confezione",
            "categoryId": 14654,
            "position": 129,
            "id": "65aaa7ab-e7f4-4a59-baa9-27fbac1f3abc"
          },
          {
            "brandText": "KOKETT",
            "name": "CARTA DA CUCINA",
            "description": "• 3 veli<br/>• 4 x 51 strappi",
            "price": {
              "discounted": "2,39",
              "priceDecimalSeparator": ",",
              "discountDecimalSeparator": ","
            },
            "productImage": "assets/18-141.png?w=300&h=208&ar=1.4423076923076923",
            "available": false,
            "highlights": [],
            "unitType": "a confezione",
            "categoryId": 15117,
            "position": 130,
            "modifier": "cell",
            "selectedBadge": "dal nostro assortimento",
            "hideBottomLine": false,
            "timing": {
              "create": "15/1/2024, 17:14:43",
              "update": "15/1/2024, 17:14:43"
            },
            "id": "65aaa7ab-57b4-48ec-a9e7-27fbac1f3abc"
          }
        ]
      },
      {
        "name": "Per te e la casa Da Lunedì",
        "products": [
          {
            "brandText": "CALGON",
            "name": "GEL ANTICALCARE",
            "description": "4 in 1/disinfettante",
            "price": {
              "full": "4,49",
              "discount": "-33%",
              "discounted": "2,99",
              "priceDecimalSeparator": ",",
              "discountDecimalSeparator": ","
            },
            "subName": "500 ml - € 5,98/litro",
            "productImage": "assets/1-5501.png?w=163&h=300&ar=0.5433333333333333",
            "available": false,
            "highlights": [],
            "unitType": "al pezzo",
            "categoryId": 15218,
            "position": 131,
            "id": "65aaa7ab-624c-4012-b62f-0c6dac1f5aa6"
          },
          {
            "brandText": "ACE",
            "name": "CANDEGGINA DENSO PIÙ",
            "description": "",
            "price": {
              "discounted": "2,79",
              "priceDecimalSeparator": ",",
              "discountDecimalSeparator": ","
            },
            "subName": "3 l - € 0,93/litro",
            "productImage": "assets/2-916.png?w=127&h=300&ar=0.42333333333333334",
            "available": false,
            "highlights": [],
            "unitType": "al pezzo",
            "categoryId": 15219,
            "position": 132,
            "id": "65aaa7ac-98b0-44d9-a7b5-0c6eac1f5aa6"
          },
          {
            "brandText": "COCCOLATEVI",
            "name": "PROFUMO IGIENIZZANTE",
            "description": "• per bucato e pavimenti<br/>• disponibile in diverse varianti",
            "price": {
              "discounted": "2,99",
              "priceDecimalSeparator": ",",
              "discountDecimalSeparator": ","
            },
            "subName": "250 ml - € 11,96/litro",
            "productImage": "assets/3-746.png?w=256&h=300&ar=0.8533333333333334",
            "available": false,
            "highlights": [],
            "unitType": "al pezzo",
            "categoryId": 15215,
            "position": 133,
            "id": "65aaa7ac-4008-48ce-91fb-0db3ac1f5aa6"
          },
          {
            "brandText": "CHANTECLAIR",
            "name": "SGRASSATORE UNIVERSALE RICARICA",
            "description": "diponibile in diverse varianti",
            "price": {
              "discounted": "1,99",
              "priceDecimalSeparator": ",",
              "discountDecimalSeparator": ","
            },
            "subName": "750 ml - € 2,65/litro",
            "productImage": "assets/4-684.png?w=167&h=300&ar=0.5566666666666666",
            "available": false,
            "highlights": [],
            "unitType": "al pezzo",
            "categoryId": 15220,
            "position": 134,
            "id": "65aaa7ac-1080-4014-aeb9-2479ac1f48fc"
          },
          {
            "brandText": "MR. MUSCLE",
            "name": "DISGORGANTE",
            "description": "",
            "price": {
              "discounted": "3,29",
              "priceDecimalSeparator": ",",
              "discountDecimalSeparator": ","
            },
            "subName": "1 l",
            "productImage": "assets/5-613.png?w=89&h=300&ar=0.2966666666666667",
            "available": false,
            "highlights": [],
            "unitType": "al pezzo",
            "categoryId": 15280,
            "position": 135,
            "id": "65aaa7ac-39b4-4883-a82c-24b8ac1f48fc"
          },
          {
            "brandText": "VIAKAL",
            "name": "ANTICALCARE SPRAY",
            "description": "",
            "price": {
              "discounted": "3,29",
              "priceDecimalSeparator": ",",
              "discountDecimalSeparator": ","
            },
            "subName": "720 ml - € 4,57/litro",
            "productImage": "assets/6-562.png?w=105&h=300&ar=0.35",
            "available": false,
            "highlights": [],
            "unitType": "al pezzo",
            "categoryId": 15218,
            "position": 136,
            "id": "65aaa7ad-b1c8-4553-82b3-2479ac1f48fc"
          },
          {
            "brandText": "NELSEN",
            "name": "DETERSIVO PER I PIATTI",
            "description": "limone",
            "price": {
              "discounted": "1,39",
              "priceDecimalSeparator": ",",
              "discountDecimalSeparator": ","
            },
            "subName": "850 ml - € 1,64/litro",
            "productImage": "assets/7-505.png?w=141&h=300&ar=0.47",
            "available": false,
            "highlights": [],
            "unitType": "al pezzo",
            "categoryId": 15228,
            "position": 137,
            "id": "65aaa7ad-b93c-4e7f-8ce1-2479ac1f48fc"
          },
          {
            "brandText": "ACTIV ENERGY",
            "name": "BATTERIE MINISTILO",
            "description": "• batterie alcaline potenti e di lunga durata<br/>• 8 pezzi",
            "price": {
              "full": "2,89",
              "discount": "-51%",
              "discounted": "1,39",
              "priceDecimalSeparator": ",",
              "discountDecimalSeparator": ","
            },
            "productImage": "assets/8-463.png?w=300&h=218&ar=1.3761467889908257",
            "available": false,
            "highlights": [],
            "unitType": "a confezione",
            "categoryId": 15258,
            "position": 138,
            "id": "65aaa7ad-7334-4a5a-b8ac-0bd3ac1f5aa6"
          },
          {
            "brandText": "KOKETT",
            "name": "TOVAGLIOLI COLORATI",
            "description": "• 3 veli<br/>• disponibili in diversi colori<br/>• 30 pezzi",
            "price": {
              "full": "1,19",
              "discount": "-50%",
              "discounted": "0,59",
              "priceDecimalSeparator": ",",
              "discountDecimalSeparator": ","
            },
            "productImage": "assets/9-416.png?w=282&h=300&ar=0.94",
            "available": false,
            "highlights": [],
            "unitType": "a confezione",
            "categoryId": 15136,
            "position": 139,
            "id": "65aaa7ae-286c-4f36-a44d-0bd3ac1f5aa6"
          },
          {
            "brandText": "SWIFFER",
            "name": "PANNI UMIDI PER PAVIMENTI",
            "description": "",
            "price": {
              "discounted": "2,79",
              "priceDecimalSeparator": ",",
              "discountDecimalSeparator": ","
            },
            "subName": "10 pezzi",
            "productImage": "assets/10-398.png?w=300&h=169&ar=1.7751479289940828",
            "available": false,
            "highlights": [],
            "unitType": "a confezione",
            "categoryId": 15215,
            "position": 140,
            "id": "65aaa7ae-bb98-4524-b47a-21a4ac1f3abc"
          },
          {
            "brandText": "ACTIVE MED",
            "name": "DISPOSITIVI MEDICO-DIAGNOSTICI",
            "description": "termometro frontale senza contatto:<br/>• misurazione della temperatura corporea sulla fronte senza contatto<br/>• misurazione della temperatura degli oggetti e dell’ambiente circostante<br/>• memorizzazione delle ultime 9 misurazioni<br/>• batterie incluse<br/>pulsossimetro:<br/>• determinazione della saturazione di ossigeno (Sp02) e della frequenza cardiaca (pulsazioni)<br/>• visualizzazione grafica delle pulsazioni<br/>• display OLED a 2 colori con 7 modalità di visualizzazione<br/>• valore limite preimpostato<br/>• cordino incluso \nmisuratore di pressione da braccio:<br/>• misurazione accurata della pressione sanguigna e del battito cardiaco<br/>• indicatore IHB (segnalazione del battito cardiaco irregolare)<br/>• possibilità di memorizzare fino a 60 misurazioni per 2 utenti<br/>• bracciale regolabile da 22 a 42 cm<br/>• custodia inclusa<br/><br/>*È un dispositivo medico CE. Leggere attentamente le avvertenze o le istruzioni per l’uso. Autorizzazione ministeriale richiesta e ottenuta in data 03.10.2022",
            "price": {
              "discounted": "24,99",
              "priceDecimalSeparator": ",",
              "discountDecimalSeparator": ","
            },
            "subName": "GARANZIA 3 ANNI",
            "productImage": "assets/11-347.png?w=300&h=269&ar=1.1152416356877324",
            "specs": [
              {
                "src": "assets/gar.png?w=100&h=55&ar=1.8181818181818181",
                "size": "large"
              }
            ],
            "available": false,
            "highlights": [],
            "unitType": "al pezzo",
            "categoryId": 13790,
            "position": 141,
            "modifier": "cell",
            "hideBottomLine": false,
            "timing": {
              "create": "16/1/2024, 10:37:40",
              "update": "16/1/2024, 10:37:40"
            },
            "id": "65aaa7ae-9604-4ce5-bcca-27fbac1f3abc"
          },
          {
            "brandText": "NOVITESSE",
            "name": "CUSCINO PER CERVICALE",
            "description": "diversi modelli disponibili",
            "price": {
              "discounted": "12,99",
              "priceDecimalSeparator": ",",
              "discountDecimalSeparator": ","
            },
            "productImage": "assets/12-320.png?w=300&h=167&ar=1.7964071856287425",
            "specs": [
              {
                "src": "assets/europe.png?w=113&h=72&ar=1.5694444444444444",
                "size": "large"
              },
              {
                "src": "assets/1-1750.png?w=173&h=100&ar=1.73",
                "size": "large"
              }
            ],
            "available": false,
            "highlights": [],
            "unitType": "al pezzo ",
            "categoryId": 15127,
            "position": 142,
            "id": "65aaa7af-3e58-45e4-a532-24b1ac1f48fc"
          },
          {
            "brandText": "HOME CREATION",
            "name": "COPERTA CON FRANGE",
            "description": "dimensioni: 150 x 200 cm",
            "price": {
              "discounted": "24,99",
              "priceDecimalSeparator": ",",
              "discountDecimalSeparator": ","
            },
            "productImage": "assets/13-275.png?w=233&h=300&ar=0.7766666666666666",
            "available": false,
            "highlights": [],
            "unitType": "al pezzo",
            "categoryId": 15119,
            "position": 143,
            "id": "65aaa7af-1af4-4614-8acb-234fac1f3abc"
          },
          {
            "brandText": "HOME CREATION",
            "name": "TAPPETO",
            "description": "• dimensioni: 170 x 230 cm<br/>• adatto ad ambienti interni ed esterni",
            "price": {
              "discounted": "39,99",
              "priceDecimalSeparator": ",",
              "discountDecimalSeparator": ","
            },
            "productImage": "assets/14-253.png?w=268&h=300&ar=0.8933333333333333",
            "available": false,
            "highlights": [],
            "unitType": "al pezzo",
            "categoryId": 13668,
            "position": 144,
            "id": "65aaa7af-0288-4c08-a531-23c8ac1f48fc"
          },
          {
            "brandText": "ROMEO PREMIUM",
            "name": "CROCCHETTE PREMIUM PER CANI",
            "description": "",
            "price": {
              "full": "5,29",
              "discount": "-24%",
              "discounted": "3,99",
              "priceDecimalSeparator": ",",
              "discountDecimalSeparator": ","
            },
            "subName": "3 kg - € 1,33/kg",
            "productImage": "assets/15-218.png?w=144&h=300&ar=0.48",
            "available": false,
            "highlights": [],
            "unitType": "a confezione",
            "categoryId": 13355,
            "position": 145,
            "id": "65aaa7b0-13d0-4a59-ba6c-0c7eac1f5aa6"
          },
          {
            "brandText": "VITAKRAFT",
            "name": "CAT STICK MINI",
            "description": "salmone/tacchino e agnello",
            "price": {
              "discounted": "0,79",
              "priceDecimalSeparator": ",",
              "discountDecimalSeparator": ","
            },
            "subName": "3 x 6 g - € 43,89/kg",
            "productImage": "assets/16-195.png?w=236&h=300&ar=0.7866666666666666",
            "available": false,
            "highlights": [],
            "unitType": "a confezione",
            "categoryId": 13353,
            "position": 146,
            "id": "65aaa7b0-d1b4-4ecf-b532-23c8ac1f48fc"
          },
          {
            "brandText": "VITAKRAFT",
            "name": "LIQUID SNACK",
            "description": "salmone/taurina",
            "price": {
              "discounted": "1,99",
              "priceDecimalSeparator": ",",
              "discountDecimalSeparator": ","
            },
            "subName": "90 g - € 22,11/kg",
            "productImage": "assets/17-170.png?w=226&h=300&ar=0.7533333333333333",
            "available": false,
            "highlights": [],
            "unitType": "a confezione",
            "categoryId": 13353,
            "position": 147,
            "id": "65aaa7b0-fbc0-46b2-8ff8-2473ac1f48fc"
          },
          {
            "brandText": "VITAKRAFT",
            "name": "CAT YUMS",
            "description": "• salmone<br/>• patè di fegato<br/>• formaggio",
            "price": {
              "discounted": "1,49",
              "priceDecimalSeparator": ",",
              "discountDecimalSeparator": ","
            },
            "subName": "40 g - € 37,25/kg",
            "productImage": "assets/18-142.png?w=176&h=300&ar=0.5866666666666667",
            "available": false,
            "highlights": [],
            "unitType": "a confezione",
            "categoryId": 13353,
            "position": 148,
            "id": "65aaa7b1-0fb4-432d-a6a7-24e3ac1f3abc"
          },
          {
            "brandText": "VITAKRAFT",
            "name": "CHOUPETTE",
            "description": "formaggio",
            "price": {
              "discounted": "1,99",
              "priceDecimalSeparator": ",",
              "discountDecimalSeparator": ","
            },
            "subName": "40 g - € 49,75/kg",
            "productImage": "assets/19-106.png?w=167&h=300&ar=0.5566666666666666",
            "available": false,
            "highlights": [],
            "unitType": "a confezione",
            "categoryId": 13353,
            "position": 149,
            "id": "65aaa7b1-c4d8-43c9-afba-0b7fac1f5aa6"
          },
          {
            "brandText": "VITAKRAFT",
            "name": "CRISPY CRUNCH SUPERFOOD",
            "description": "anatra e aronia/tacchino e chia",
            "price": {
              "discounted": "1,49",
              "priceDecimalSeparator": ",",
              "discountDecimalSeparator": ","
            },
            "subName": "60 g - €24,83/kg",
            "productImage": "assets/20-81.png?w=249&h=300&ar=0.83",
            "available": false,
            "highlights": [],
            "unitType": "a confezione",
            "categoryId": 13353,
            "position": 150,
            "id": "65aaa7b2-0254-4c34-8bb5-361dac1f48fc"
          }
        ],
        "id": "per_te_e_la_casa_da_lunedi_1705317510181"
      },
      {
        "name": "Per te e la casa Da Giovedì",
        "products": [
          {
            "brandText": "UP 2 FASHION WOMEN",
            "name": "CAMICIA DA NOTTE",
            "description": "taglie: 40-50",
            "price": {
              "discounted": "6,99",
              "priceDecimalSeparator": ",",
              "discountDecimalSeparator": ","
            },
            "productImage": "assets/1-5502.png?w=268&h=300&ar=0.8933333333333333",
            "specs": [
              {
                "src": "assets/1-1166.png?w=246&h=100&ar=2.46",
                "size": "large"
              }
            ],
            "available": false,
            "highlights": [],
            "unitType": "al pezzo",
            "categoryId": 12837,
            "position": 151,
            "id": "65aaa7b2-a510-4489-a393-0dbbac1f5aa6"
          },
          {
            "brandText": "UP 2 FASHION WOMEN",
            "name": "JEANS STRETCH DA DONNA",
            "description": "taglie: 40-48",
            "price": {
              "discounted": "14,99",
              "priceDecimalSeparator": ",",
              "discountDecimalSeparator": ","
            },
            "productImage": "assets/2-917.png?w=145&h=300&ar=0.48333333333333334",
            "specs": [
              {
                "src": "assets/1-1218.png?w=168&h=100&ar=1.68",
                "size": "large"
              },
              {
                "src": "assets/1-1750.png?w=173&h=100&ar=1.73",
                "size": "large"
              }
            ],
            "available": false,
            "highlights": [],
            "unitType": "al pezzo",
            "categoryId": 16158,
            "position": 152,
            "id": "65aaa7b2-55f0-4f54-904a-0dbbac1f5aa6"
          },
          {
            "brandText": "UP 2 FASHION",
            "name": "MAGLIA DA DONNA",
            "description": "• 2 pezzi<br/>• taglie: 40-50",
            "price": {
              "discounted": "9,99",
              "priceDecimalSeparator": ",",
              "discountDecimalSeparator": ","
            },
            "productImage": "assets/3-747.png?w=300&h=275&ar=1.0909090909090908",
            "specs": [
              {
                "src": "assets/1-1218.png?w=168&h=100&ar=1.68",
                "size": "large"
              },
              {
                "src": "assets/1-1750.png?w=173&h=100&ar=1.73",
                "size": "large"
              }
            ],
            "available": false,
            "highlights": [],
            "unitType": "a confezione",
            "categoryId": 15531,
            "position": 153,
            "id": "65aaa7b3-36a8-4bfb-bf6f-2861ac1f3abc"
          },
          {
            "brandText": "UP 2 FASHION",
            "name": "COLLANT TERMICI DA DONNA",
            "description": "taglie: 42-52",
            "price": {
              "discounted": "3,99",
              "priceDecimalSeparator": ",",
              "discountDecimalSeparator": ","
            },
            "productImage": "assets/4-685.png?w=242&h=300&ar=0.8066666666666666",
            "available": false,
            "highlights": [],
            "unitType": "al pezzo",
            "categoryId": 12871,
            "position": 154,
            "id": "65aaa7b3-6f8c-4b1c-861d-0cebac1f5aa6"
          },
          {
            "brandText": "UP 2 FASHION",
            "name": "SET JOGGERS/TOP IN MAGLIA DA DONNA",
            "description": "taglie: 40-50",
            "price": {
              "discounted": "14,99",
              "priceDecimalSeparator": ",",
              "discountDecimalSeparator": ","
            },
            "productImage": "assets/5-614.png?w=299&h=300&ar=0.9966666666666667",
            "available": false,
            "highlights": [],
            "unitType": "al set",
            "categoryId": 12932,
            "position": 155,
            "id": "65aaa7b3-e604-4d3d-8db5-0df1ac1f5aa6"
          },
          {
            "brandText": "UP 2 FASHION",
            "name": "SET JOGGERS/FELPA DA DONNA ",
            "description": "taglie: 40-50",
            "price": {
              "discounted": "15,99",
              "priceDecimalSeparator": ",",
              "discountDecimalSeparator": ","
            },
            "productImage": "assets/6-563.png?w=275&h=300&ar=0.9166666666666666",
            "specs": [
              {
                "src": "assets/dfdff.png?w=68&h=100&ar=0.68",
                "size": "large"
              }
            ],
            "available": false,
            "highlights": [],
            "unitType": "al set",
            "categoryId": 12933,
            "position": 156,
            "id": "65aaa7b4-2b28-41a9-aae7-2812ac1f3abc"
          },
          {
            "brandText": "UP 2 FASHION WOMEN",
            "name": "PIGIAMA DA DONNA",
            "description": "taglie: 40-50",
            "price": {
              "discounted": "9,99",
              "priceDecimalSeparator": ",",
              "discountDecimalSeparator": ","
            },
            "productImage": "assets/7-506.png?w=262&h=300&ar=0.8733333333333333",
            "specs": [
              {
                "src": "assets/1-1166.png?w=246&h=100&ar=2.46",
                "size": "large"
              }
            ],
            "available": false,
            "highlights": [],
            "unitType": "al set",
            "categoryId": 12852,
            "position": 157,
            "id": "65aaa7b5-ddf4-42f4-959f-0c66ac1f5aa6"
          },
          {
            "brandText": "UP 2 FASHION WOMEN",
            "name": "PULLOVER A MAGLIA FINE DA DONNA",
            "description": "taglie: 40-50",
            "price": {
              "discounted": "9,99",
              "priceDecimalSeparator": ",",
              "discountDecimalSeparator": ","
            },
            "productImage": "assets/8-464.png?w=300&h=280&ar=1.0714285714285714",
            "available": false,
            "highlights": [],
            "unitType": "al pezzo",
            "categoryId": 12837,
            "position": 158,
            "id": "65aaa7b5-0ca4-4d30-aa69-3bcdac1f48fc"
          },
          {
            "brandText": "UP 2 FASHION",
            "name": "JEANS STRETCH DA UOMO",
            "description": "taglie: 48-56",
            "price": {
              "discounted": "14,99",
              "priceDecimalSeparator": ",",
              "discountDecimalSeparator": ","
            },
            "productImage": "assets/11-348.png?w=196&h=300&ar=0.6533333333333333",
            "specs": [
              {
                "src": "assets/1-1218.png?w=168&h=100&ar=1.68",
                "size": "large"
              },
              {
                "src": "assets/1-1750.png?w=173&h=100&ar=1.73",
                "size": "large"
              }
            ],
            "available": false,
            "highlights": [],
            "unitType": "al pezzo",
            "categoryId": 16158,
            "position": 159,
            "id": "65aaa7b5-0118-4237-bf0c-39cbac1f48fc"
          },
          {
            "brandText": "UP 2 FASHION MEN",
            "name": "PANTALONI RELAX DA UOMO",
            "description": "taglie: 48-58",
            "price": {
              "discounted": "8,99",
              "priceDecimalSeparator": ",",
              "discountDecimalSeparator": ","
            },
            "productImage": "assets/12-321.png?w=181&h=300&ar=0.6033333333333334",
            "specs": [
              {
                "src": "assets/1-1166.png?w=246&h=100&ar=2.46",
                "size": "large"
              }
            ],
            "available": false,
            "highlights": [],
            "unitType": "al pezzo",
            "categoryId": 12945,
            "position": 160,
            "id": "65aaa7b6-23a0-4527-a66d-2402ac1f48fc"
          },
          {
            "brandText": "HOME CREATION",
            "name": "COPERTA PER BAMBINI",
            "description": "dimensioni: 100 x 130 cm, con maniche e cappuccio",
            "price": {
              "discounted": "9,99",
              "priceDecimalSeparator": ",",
              "discountDecimalSeparator": ","
            },
            "productImage": "assets/13-276.png?w=300&h=203&ar=1.477832512315271",
            "available": false,
            "highlights": [],
            "unitType": "al pezzo",
            "modifier": "wide",
            "hideBottomLine": false,
            "timing": {
              "create": "15/1/2024, 12:37:06",
              "update": "25/1/2024, 10:19:00"
            },
            "categoryId": 15119,
            "position": 161,
            "id": "65aaa7b6-ff94-444c-a256-0df1ac1f5aa6"
          },
          {
            "brandText": "UP 2 FASHION BASICS",
            "name": "T-SHIRT DA UOMO",
            "description": "• 3 pezzi<br/>• taglie: M-XXL",
            "price": {
              "discounted": "9,99",
              "priceDecimalSeparator": ",",
              "discountDecimalSeparator": ","
            },
            "productImage": "assets/14-254.png?w=281&h=300&ar=0.9366666666666666",
            "specs": [
              {
                "src": "assets/1-1218.png?w=168&h=100&ar=1.68",
                "size": "large"
              },
              {
                "src": "assets/1-1750.png?w=173&h=100&ar=1.73",
                "size": "large"
              }
            ],
            "available": false,
            "highlights": [],
            "unitType": "a confezione",
            "categoryId": 12947,
            "position": 162,
            "id": "65aaa7b7-8e2c-49d2-89f4-3a94ac1f48fc"
          },
          {
            "brandText": "UP 2 FASHION BASICS",
            "name": "BOXER DA UOMO",
            "description": "• 3 pezzi<br/>• taglie: M-XXL",
            "price": {
              "discounted": "9,99",
              "priceDecimalSeparator": ",",
              "discountDecimalSeparator": ","
            },
            "productImage": "assets/15-219.png?w=300&h=286&ar=1.048951048951049",
            "specs": [
              {
                "src": "assets/1-1218.png?w=168&h=100&ar=1.68",
                "size": "large"
              },
              {
                "src": "assets/1-1750.png?w=173&h=100&ar=1.73",
                "size": "large"
              }
            ],
            "available": false,
            "highlights": [],
            "unitType": "a confezione",
            "categoryId": 12887,
            "position": 163,
            "id": "65aaa7b7-260c-4b31-8b09-09b5ac1f5aa6"
          },
          {
            "brandText": "CRANE",
            "name": "INTIMO TERMICO PER UOMO E DONNA",
            "description": "• taglie donna: 40-50<br/>• taglie uomo: 48-56",
            "price": {
              "discounted": "7,99",
              "priceDecimalSeparator": ",",
              "discountDecimalSeparator": ","
            },
            "productImage": "assets/16-196.png?w=277&h=300&ar=0.9233333333333333",
            "specs": [
              {
                "src": "assets/dfdff.png?w=68&h=100&ar=0.68",
                "size": "large"
              }
            ],
            "available": false,
            "highlights": [],
            "unitType": "al pezzo",
            "categoryId": 12859,
            "position": 164,
            "id": "65aaa7b7-2524-479b-a60e-0c66ac1f5aa6"
          },
          {
            "id": "65afcf06-949c-4ccd-98a9-5a31ac1f3abc",
            "name": "GUANTI FITNESS PER UOMO E DONNA",
            "subName": "",
            "unitType": "al paio",
            "highlightedDiscount": false,
            "brandImage": "",
            "description": "misure: 7-10",
            "productImage": "assets/guantiriaggiuntialdikw04.png?w=300&h=286&ar=1.048951048951049",
            "modifier": "cell",
            "price": {
              "full": "",
              "discount": "",
              "discounted": "4,99",
              "discountDecimalSeparator": ",",
              "discountedPriceStrokeWidth": "",
              "discountedPriceColor": "",
              "discountedPriceStrokeColor": "",
              "discountedPriceShadowColor": "",
              "priceTagTopBorderColor": "",
              "priceTagTopTextColor": "",
              "priceTagTopBackgroundColor": "",
              "discountPriceTextColor": "",
              "discountPriceBackgroundColor": "",
              "priceTagBackgroundColor": "rgba(254, 240, 53, 1)",
              "priceTagTextColor": "",
              "priceTagBorderColor": "",
              "unitTypeTextColor": "",
              "unitTypeBackgroundColor": "",
              "discountedCurrencyTextColor": "",
              "discountedCurrencyBackgroundColor": "",
              "priceCurrencyTextColor": "",
              "priceCurrencyBackgroundColor": ""
            },
            "collapsibleSections": [],
            "brandText": "CRANE",
            "categoryId": 12837,
            "hideBottomLine": false,
            "timing": {
              "create": "23/1/2024, 15:25:35",
              "update": "23/1/2024, 15:27:17"
            },
            "position": 165
          },
          {
            "brandText": "CRANE",
            "name": "SOLETTE COMFORT",
            "description": "misure: 37-45",
            "price": {
              "discounted": "3,99",
              "priceDecimalSeparator": ",",
              "discountDecimalSeparator": ","
            },
            "productImage": "assets/18-143.png?w=300&h=172&ar=1.744186046511628",
            "available": false,
            "highlights": [],
            "unitType": "al paio",
            "categoryId": 12785,
            "position": 166,
            "id": "65aaa7b8-2cdc-420a-bdf1-3b18ac1f48fc"
          },
          {
            "brandText": "BLUE MOTION",
            "name": "STIVALI CHELSEA DA DONNA",
            "description": "misure: 37-41",
            "price": {
              "discounted": "19,99",
              "priceDecimalSeparator": ",",
              "discountDecimalSeparator": ","
            },
            "productImage": "assets/19-107.png?w=300&h=235&ar=1.2765957446808511",
            "available": false,
            "highlights": [],
            "unitType": "al paio",
            "categoryId": 12785,
            "position": 167,
            "modifier": "cell",
            "hideBottomLine": false,
            "timing": {
              "create": "16/1/2024, 10:39:41",
              "update": "16/1/2024, 10:39:41"
            },
            "id": "65aaa7b8-fcb8-4b8d-8a5f-27abac1f3abc"
          },
          {
            "brandText": "WORKZONE",
            "name": "CARRELLO A PIANALE XL",
            "description": "• per trasportare carichi fino a un peso massimo di 250 kg<br/>• solida base in MDF con rivestimento antiscivolo<br/>• con 4 rotelle orientabili<br/>• dimensioni: modello rotondo Ø 38 cm, modello rettangolare 57 x 29 cm",
            "price": {
              "discounted": "12,99",
              "priceDecimalSeparator": ",",
              "discountDecimalSeparator": ","
            },
            "productImage": "assets/2-918.png?w=300&h=300&ar=1",
            "available": false,
            "highlights": [],
            "unitType": "al pezzo",
            "categoryId": 15310,
            "position": 168,
            "id": "65aaa7b8-8264-4252-97dc-3b18ac1f48fc",
            "modifier": "cell",
            "hideBottomLine": false,
            "timing": {
              "create": "25/1/2024, 10:18:31",
              "update": "25/1/2024, 10:18:31"
            }
          },
          {
            "brandText": "FERREX",
            "name": "SET DI PUNTE SDS XL",
            "description": "a scelta tra:<br/>• set di punte e scalpelli SDS, 11 pezzi<br/>• set di punte SDS da 600 mm, 5 pezzi<br/>• set di punte SDS da 1000 mm, 3 pezzi<br/>• scalpello a punta da 250 mm, 1 pezzo",
            "price": {
              "discounted": "14,99",
              "priceDecimalSeparator": ",",
              "discountDecimalSeparator": ","
            },
            "productImage": "assets/3-748.png?w=300&h=182&ar=1.6483516483516483",
            "available": false,
            "highlights": [],
            "unitType": "al pezzo/ al set",
            "categoryId": 15294,
            "position": 169,
            "id": "65aaa7b9-d704-4d5f-8e02-257cac1f3abc"
          },
          {
            "brandText": "WORKZONE",
            "name": " MORSETTI ASSORTITI",
            "description": "• set A: 2 piccoli da 105 x 200 mm e 2 medi da 155 x 345 mm<br/>• set B: 2 grandi da 310 x 495 mm<br/>• set C: 1 sergente da 50 x 200 mm e 1 sergente da 80 x 300 mm",
            "price": {
              "discounted": "9,99",
              "priceDecimalSeparator": ",",
              "discountDecimalSeparator": ","
            },
            "productImage": "assets/4-686.png?w=300&h=216&ar=1.3888888888888888",
            "available": false,
            "highlights": [],
            "unitType": "al set",
            "categoryId": 14810,
            "position": 170,
            "id": "65aaa7b9-bcac-404f-8d66-27abac1f3abc"
          },
          {
            "brandText": "GARDENLINE",
            "name": "SUPPORTO PER SCOPE E UTENSILI",
            "description": "a scelta tra:<br/>• guida con 5 supporti per utensili<br/>• guida con 5 ganci a S",
            "price": {
              "discounted": "3,99",
              "priceDecimalSeparator": ",",
              "discountDecimalSeparator": ","
            },
            "productImage": "assets/5-615.png?w=300&h=220&ar=1.3636363636363635",
            "available": false,
            "highlights": [],
            "unitType": "al pezzo",
            "categoryId": 12897,
            "position": 171,
            "id": "65aaa7b9-91c0-4309-a0b4-2399ac1f48fc"
          },
          {
            "name": "OLIO MULTIFUNZIONE",
            "description": "• protegge le superfici in metallo da ruggine e corrosione<br/>• lubrifica ed elimina i cigolii",
            "price": {
              "discounted": "3,99",
              "priceDecimalSeparator": ",",
              "discountDecimalSeparator": ","
            },
            "productImage": "assets/6-564.png?w=115&h=300&ar=0.38333333333333336",
            "specs": [
              {
                "src": "assets/1-1189.png?w=49&h=100&ar=0.49",
                "size": "large"
              }
            ],
            "available": false,
            "highlights": [],
            "unitType": "al pezzo",
            "brandText": "WD-40",
            "modifier": "cell",
            "hideBottomLine": false,
            "timing": {
              "create": "15/1/2024, 12:35:12",
              "update": "15/1/2024, 12:35:12"
            },
            "categoryId": 13262,
            "position": 172,
            "id": "65aaa7b9-44bc-4b82-81c3-3b18ac1f48fc"
          },
          {
            "brandText": "WORKZONE",
            "name": "LAMPADA DA LAVORO XXL A LED",
            "description": "• 2 lampade autonome da usare singolarmente o in combinazione<br/>• 1 batteria a litio da 2000 mAh per ogni lampada<br/>• cavo di ricarica USB incluso",
            "price": {
              "discounted": "29,99",
              "priceDecimalSeparator": ",",
              "discountDecimalSeparator": ","
            },
            "subName": "GARANZIA 3 ANNI",
            "productImage": "assets/7-507.png?w=300&h=105&ar=2.857142857142857",
            "available": false,
            "highlights": [],
            "unitType": "al pezzo",
            "categoryId": 15477,
            "position": 173,
            "id": "65aaa7ba-4714-4ad9-b173-2399ac1f48fc"
          },
          {
            "brandText": "CASALUX",
            "name": "TORCIA TASCABILE A LED, 1 W",
            "description": "• diversi modelli e colori disponibili<br/>• con clip per cintura e cordino<br/>• batterie incluse",
            "price": {
              "discounted": "2,49",
              "priceDecimalSeparator": ",",
              "discountDecimalSeparator": ","
            },
            "subName": "GARANZIA 3 ANNI",
            "productImage": "assets/8-465.png?w=300&h=238&ar=1.2605042016806722",
            "specs": [
              {
                "src": "assets/gar.png?w=100&h=55&ar=1.8181818181818181",
                "size": "large"
              }
            ],
            "available": false,
            "highlights": [],
            "unitType": "al pezzo",
            "categoryId": 13077,
            "position": 174,
            "id": "65aaa7be-ffe8-4ab3-8124-28bcac1f3abc"
          },
          {
            "brandText": "WORKZONE",
            "name": "SCALETTA PIEGHEVOLE A 3 GRADINI",
            "description": "portata massima: 150 kg",
            "price": {
              "discounted": "29,99",
              "priceDecimalSeparator": ",",
              "discountDecimalSeparator": ","
            },
            "subName": "GARANZIA 3 ANNI",
            "productImage": "assets/9-418.png?w=183&h=300&ar=0.61",
            "specs": [
              {
                "src": "assets/gar.png?w=100&h=55&ar=1.8181818181818181",
                "size": "large"
              }
            ],
            "available": false,
            "highlights": [],
            "unitType": "al pezzo",
            "categoryId": 15326,
            "position": 175,
            "id": "65aaa7be-4cec-4d81-a5d8-28c7ac1f3abc"
          },
          {
            "brandText": "WORKZONE",
            "name": "STURATUBI ASSORTITI",
            "description": "sturatubi a spirale:<br/>• lunghezza 5 m, diametro ca. 9 mm \npompa sturatubi:<br/>• con due diversi inserti<br/>• diametro dell’inserto grande 15 cm,<br/>• diametro dell’inserto piccolo 6,5 cm \nsonda sturatubi flessibile:<br/>• lunghezza ca. 120 cm",
            "price": {
              "discounted": "5,99",
              "priceDecimalSeparator": ",",
              "discountDecimalSeparator": ","
            },
            "productImage": "assets/10-400.png?w=300&h=227&ar=1.3215859030837005",
            "available": false,
            "highlights": [],
            "unitType": "al pezzo/ al set",
            "modifier": "wide",
            "hideBottomLine": false,
            "timing": {
              "create": "15/1/2024, 12:36:38",
              "update": "16/1/2024, 10:38:54"
            },
            "categoryId": 14113,
            "position": 176,
            "id": "65aaa7be-3654-4742-ad60-28c3ac1f3abc"
          },
          {
            "brandText": "DECO CRAFT",
            "name": "TUTA PROTETTIVA INTEGRALE MONOUSO L/XL",
            "description": "• confezione da 3<br/>• non contiene BPA e lattice<br/>• idrorepellente",
            "price": {
              "discounted": "6,99",
              "priceDecimalSeparator": ",",
              "discountDecimalSeparator": ","
            },
            "productImage": "assets/12-322.png?w=238&h=300&ar=0.7933333333333333",
            "available": false,
            "highlights": [],
            "unitType": "al set",
            "categoryId": 12935,
            "position": 177,
            "modifier": "cell",
            "hideBottomLine": false,
            "timing": {
              "create": "19/1/2024, 17:36:21",
              "update": "19/1/2024, 17:36:21"
            },
            "id": "65aaa7bf-3b4c-449d-84db-28c2ac1f3abc"
          },
          {
            "brandText": "DECO CRAFT",
            "name": "PITTURA BIANCA PER INTERNI",
            "description": "• traspirante<br/>• contenuto: 10 l<br/>• superficie di copertura: ca. 70 m² (una sola mano)",
            "price": {
              "discounted": "24,99",
              "priceDecimalSeparator": ",",
              "discountDecimalSeparator": ","
            },
            "productImage": "assets/1-5504.png?w=300&h=214&ar=1.4018691588785046",
            "available": false,
            "highlights": [],
            "unitType": "a confezione",
            "categoryId": 15407,
            "position": 178,
            "id": "65aaa7bf-8ac8-4d5b-b856-24eeac1f48fc"
          },
          {
            "brandText": "DECO CRAFT",
            "name": "SET DI PENNELLI SOFT TOUCH",
            "description": "• 5 pezzi<br/>• 1 x 2,5 cm<br/>• 2 x 4 cm<br/>• 2 x 5 cm",
            "price": {
              "discounted": "3,99",
              "priceDecimalSeparator": ",",
              "discountDecimalSeparator": ","
            },
            "productImage": "assets/2-919.png?w=300&h=173&ar=1.7341040462427746",
            "available": false,
            "highlights": [],
            "unitType": "al set",
            "categoryId": 15416,
            "position": 179,
            "id": "65aaa7c0-1774-4c3f-8133-0bbbac1f5aa6"
          },
          {
            "brandText": "DECO CRAFT",
            "name": "FELTRO PROTETTIVO MULTIUSO",
            "description": "• riutilizzabile<br/>• dimensioni: 1 x 10 m",
            "price": {
              "discounted": "7,99",
              "priceDecimalSeparator": ",",
              "discountDecimalSeparator": ","
            },
            "productImage": "assets/3-749.png?w=300&h=138&ar=2.1739130434782608",
            "available": false,
            "highlights": [],
            "unitType": "al pezzo",
            "categoryId": 15251,
            "position": 180,
            "id": "65aaa7c0-e974-4fb8-b5b1-24e8ac1f48fc"
          },
          {
            "brandText": "DECO CRAFT",
            "name": "STUCCO PER INTERNI",
            "description": "a scelta tra stucco:<br/>• per fori profondi in interni 100 ml<br/>• per fessure e crepe in interni 100 ml<br/>• per interni 200 ml",
            "price": {
              "discounted": "1,99",
              "priceDecimalSeparator": ",",
              "discountDecimalSeparator": ","
            },
            "productImage": "assets/4-687.png?w=268&h=300&ar=0.8933333333333333",
            "specs": [
              {
                "src": "assets/1-1187.png?w=142&h=90&ar=1.5777777777777777",
                "size": "large"
              }
            ],
            "available": false,
            "highlights": [],
            "unitType": "al pezzo",
            "categoryId": 15251,
            "position": 181,
            "id": "65aaa7c0-7828-4d2b-af3f-0797ac1f5aa6"
          },
          {
            "brandText": "CRANE",
            "name": "TAPPETINO SOFT",
            "description": "dimensioni: 190 x 80 x 1,5 cm (L x l x h)",
            "price": {
              "discounted": "24,99",
              "priceDecimalSeparator": ",",
              "discountDecimalSeparator": ","
            },
            "productImage": "assets/5-616.png?w=300&h=146&ar=2.0547945205479454",
            "specs": [
              {
                "src": "assets/oekotex.png?w=99&h=100&ar=0.99",
                "size": "large"
              }
            ],
            "available": false,
            "highlights": [],
            "unitType": "al pezzo",
            "categoryId": 13359,
            "position": 182,
            "id": "65aaa7c1-d2fc-4b7e-93e5-0c52ac1f5aa6"
          },
          {
            "brandText": "CRANE",
            "name": "SET PER MASSAGGIO TRIGGER POINT",
            "description": "",
            "price": {
              "discounted": "12,99",
              "priceDecimalSeparator": ",",
              "discountDecimalSeparator": ","
            },
            "subName": "GARANZIA 3 ANNI",
            "productImage": "assets/6-565.png?w=289&h=300&ar=0.9633333333333334",
            "specs": [
              {
                "src": "assets/gar.png?w=100&h=55&ar=1.8181818181818181",
                "size": "large"
              }
            ],
            "available": false,
            "highlights": [],
            "unitType": "al set",
            "categoryId": 15963,
            "position": 183,
            "id": "65aaa7c1-939c-4524-8721-2874ac1f3abc"
          },
          {
            "brandText": "CRANE",
            "name": "CYCLETTE PIEGHEVOLE",
            "description": "• con schermo LCD con indicatori di durata, velocità, distanza, calorie e pulsazioni<br/>• portata massima: 150 kg",
            "price": {
              "discounted": "119,00",
              "priceDecimalSeparator": ",",
              "discountDecimalSeparator": ","
            },
            "subName": "GARANZIA 3 ANNI",
            "productImage": "assets/7-508.png?w=205&h=300&ar=0.6833333333333333",
            "specs": [
              {
                "src": "assets/gar.png?w=100&h=55&ar=1.8181818181818181",
                "size": "large"
              }
            ],
            "available": false,
            "highlights": [],
            "unitType": "al pezzo",
            "categoryId": 13063,
            "position": 184,
            "id": "65aaa7c2-04c0-4ef6-a9e8-2859ac1f3abc"
          },
          {
            "name": "ZAINO FASCIATOIO",
            "description": "• 3 scomparti separati, 1 tasca impermeabile e 1 tasca laterale<br/>• capienza: 18 l",
            "price": {
              "discounted": "19,99",
              "priceDecimalSeparator": ",",
              "discountDecimalSeparator": ","
            },
            "productImage": "assets/8-466.png?w=300&h=242&ar=1.2396694214876034",
            "available": false,
            "highlights": [],
            "unitType": "al pezzo",
            "categoryId": 12974,
            "position": 185,
            "id": "65aaa7c3-0054-4042-8572-3a76ac1f48fc"
          },
          {
            "brandText": "CRANE",
            "name": "ELETTROSTIMOLATORE",
            "description": "• alimentato da una singola batteria a bottone CR203 2<br/>• programma automatico di 23 minuti<br/>• 15 livelli di intensità disponibili<br/>• batteria non inclusa",
            "price": {
              "discounted": "24,99",
              "priceDecimalSeparator": ",",
              "discountDecimalSeparator": ","
            },
            "subName": "GARANZIA 3 ANNI",
            "productImage": "assets/9-419.png?w=279&h=300&ar=0.93",
            "specs": [
              {
                "src": "assets/gar.png?w=100&h=55&ar=1.8181818181818181",
                "size": "large"
              }
            ],
            "available": false,
            "highlights": [],
            "unitType": "al set",
            "categoryId": 13063,
            "position": 186,
            "id": "65aaa7c3-37d8-4ac0-b5e4-24aeac1f3abc"
          },
          {
            "brandText": "CRANE",
            "name": "SWING STEPPER",
            "description": "computer integrato",
            "price": {
              "discounted": "39,99",
              "priceDecimalSeparator": ",",
              "discountDecimalSeparator": ","
            },
            "subName": "GARANZIA 3 ANNI",
            "productImage": "assets/10-401.png?w=300&h=215&ar=1.3953488372093024",
            "specs": [
              {
                "src": "assets/gar.png?w=100&h=55&ar=1.8181818181818181",
                "size": "large"
              },
              {
                "src": "assets/it_2023_52_wop_00_20-21.png?w=233&h=100&ar=2.33",
                "size": "large"
              }
            ],
            "available": false,
            "highlights": [],
            "unitType": "al pezzo",
            "categoryId": 13063,
            "position": 187,
            "modifier": "wide",
            "hideBottomLine": false,
            "timing": {
              "create": "19/1/2024, 17:36:52",
              "update": "19/1/2024, 17:36:52"
            },
            "id": "65aaa7c4-6f98-4159-9978-256aac1f48fc"
          },
          {
            "brandText": "CRANE",
            "name": "ACCESSORI FITNESS",
            "description": "",
            "price": {
              "discounted": "4,99",
              "priceDecimalSeparator": ",",
              "discountDecimalSeparator": ","
            },
            "productImage": "assets/11-350.png?w=300&h=288&ar=1.0416666666666667",
            "available": false,
            "highlights": [],
            "unitType": "al pezzo/ al set",
            "categoryId": 13063,
            "position": 188,
            "id": "65aaa7c4-1220-4cc6-b01a-256aac1f48fc"
          },
          {
            "brandText": "CRANE",
            "name": "SET DA BOXE PER BAMBINI",
            "description": "• set composto da: guantoni, punching ball, base di appoggio, palo e pompa<br/>• regolabile in altezza da 78 a 120 cm<br/>• per bambini a partire da 6 anni",
            "price": {
              "discounted": "14,99",
              "priceDecimalSeparator": ",",
              "discountDecimalSeparator": ","
            },
            "productImage": "assets/12-323.png?w=206&h=300&ar=0.6866666666666666",
            "available": false,
            "highlights": [],
            "unitType": "al set",
            "categoryId": 13266,
            "position": 189,
            "id": "65aaa7c4-fae0-4608-ae4e-28a2ac1f3abc"
          },
          {
            "name": "PIANTE FIORITE",
            "description": "• in vaso da 14 cm<br/>• diverse varietà disponibili",
            "price": {
              "discounted": "2,99",
              "priceDecimalSeparator": ",",
              "discountDecimalSeparator": ","
            },
            "productImage": "assets/13-277.png?w=300&h=209&ar=1.4354066985645932",
            "specs": [
              {
                "src": "assets/it_2023_14_wop_00_02-03-1.png?w=107&h=100&ar=1.07",
                "size": "large"
              }
            ],
            "available": false,
            "highlights": [],
            "selectedBadge": "FLAG_ITA_ARROW_MEDIUM",
            "unitType": "al vaso",
            "modifier": "cell",
            "hideBottomLine": false,
            "timing": {
              "create": "15/1/2024, 12:37:26",
              "update": "15/1/2024, 12:37:26"
            },
            "categoryId": 13429,
            "position": 190,
            "id": "65aaa7c5-2268-4e6e-950d-2748ac1f3abc"
          },
          {
            "name": "ALOE VERA",
            "description": "in vaso da 12 cm",
            "price": {
              "discounted": "2,99",
              "priceDecimalSeparator": ",",
              "discountDecimalSeparator": ","
            },
            "productImage": "assets/14-255.png?w=300&h=233&ar=1.2875536480686696",
            "available": false,
            "highlights": [],
            "unitType": "al vaso",
            "categoryId": 13820,
            "position": 191,
            "id": "65aaa7c5-7cb0-413d-bf50-0f0fac1f5aa6"
          }
        ],
        "id": "per_te_e_la_casa_da_giovedi_1705317510181"
      },
      {
        "name": "Offerte del Weekend",
        "products": [
          {
            "brandText": "IL PODERE CARNE SUINA",
            "name": "TAGLIATA DI FILETTO DI SUINO",
            "description": "",
            "price": {
              "full": "3,59",
              "discount": "-25%",
              "discounted": "2,69",
              "priceDecimalSeparator": ",",
              "discountDecimalSeparator": ","
            },
            "subName": "230 g - € 11,70/kg",
            "productImage": "assets/1-5490.png?w=189&h=300&ar=0.63",
            "specs": [
              {
                "src": "assets/100_carne_italiana.png?w=100&h=100&ar=1",
                "size": "large"
              }
            ],
            "available": false,
            "highlights": [],
            "selectedBadge": "flag_ita",
            "unitType": "a confezione",
            "categoryId": 14563,
            "position": 192,
            "id": "65aaa7c5-54d4-4aa0-bb72-0e80ac1f5aa6"
          },
          {
            "brandText": "HAPPY HARVEST",
            "name": "FARINA INTEGRALE",
            "description": "",
            "price": {
              "full": "1,29",
              "discount": "-50%",
              "discounted": "0,64",
              "priceDecimalSeparator": ",",
              "discountDecimalSeparator": ","
            },
            "subName": "1 kg",
            "productImage": "assets/2-907.png?w=194&h=300&ar=0.6466666666666666",
            "available": false,
            "highlights": [],
            "unitType": "a confezione",
            "categoryId": 14749,
            "position": 193,
            "id": "65aaa7c6-864c-460b-b074-0ecdac1f5aa6"
          },
          {
            "brandText": "BONLÀ FORMAGGI",
            "name": "ROBIOLA",
            "description": "",
            "price": {
              "full": "1,79",
              "discount": "-30%",
              "discounted": "1,25",
              "priceDecimalSeparator": ",",
              "discountDecimalSeparator": ","
            },
            "subName": "2 x 100 g - € 6,25/kg",
            "productImage": "assets/3-737.png?w=300&h=135&ar=2.2222222222222223",
            "specs": [
              {
                "src": "assets/1-1042.png?w=100&h=100&ar=1",
                "size": "large"
              }
            ],
            "available": false,
            "highlights": [],
            "selectedBadge": "flag_ita",
            "unitType": "a confezione",
            "categoryId": 15866,
            "position": 194,
            "id": "65aaa7c6-a280-44b4-aefc-24aeac1f3abc"
          },
          {
            "brandText": "ALMARE",
            "name": "FILETTI DI SALMONE CON OLIO EXTRAVERGINE DI OLIVA",
            "description": "",
            "price": {
              "full": "3,39",
              "discount": "-29%",
              "discounted": "2,39",
              "priceDecimalSeparator": ",",
              "discountDecimalSeparator": ","
            },
            "subName": "170 g - € 14,06/kg",
            "productImage": "assets/4-675.png?w=213&h=300&ar=0.71",
            "available": false,
            "highlights": [],
            "unitType": "a lattina",
            "categoryId": 14915,
            "position": 195,
            "id": "65aaa7c6-9a00-4ba3-b035-297aac1f3abc"
          },
          {
            "brandText": "FONZIES",
            "name": "FONZIES MULTIPACK",
            "description": "",
            "price": {
              "full": "3,49",
              "discount": "-31%",
              "discounted": "2,39",
              "priceDecimalSeparator": ",",
              "discountDecimalSeparator": ","
            },
            "subName": "235 g - € 10,17/kg",
            "productImage": "assets/5-604.png?w=223&h=300&ar=0.7433333333333333",
            "available": false,
            "highlights": [],
            "unitType": "a confezione",
            "categoryId": 14473,
            "position": 196,
            "id": "65aaa7c7-55e4-41d4-a05b-2978ac1f3abc"
          },
          {
            "brandText": "HOLA!",
            "name": "PAELLA",
            "description": "",
            "price": {
              "full": "3,49",
              "discount": "-28%",
              "discounted": "2,49",
              "priceDecimalSeparator": ",",
              "discountDecimalSeparator": ","
            },
            "subName": "600 g - € 4,15/kg",
            "productImage": "assets/6-553.png?w=267&h=300&ar=0.89",
            "specs": [
              {
                "src": "assets/surgelato-1.png?w=81&h=100&ar=0.81",
                "size": "large"
              }
            ],
            "available": false,
            "highlights": [],
            "modifier": "cell",
            "unitType": "a confezione",
            "hideBottomLine": false,
            "timing": {
              "create": "15/1/2024, 12:38:02",
              "update": "15/1/2024, 12:38:02"
            },
            "categoryId": 14641,
            "position": 197,
            "id": "65aaa7c7-c8cc-4eb1-a41d-0f2bac1f5aa6"
          },
          {
            "brandText": "SAN BENEDETTO",
            "name": "ACQUA NATURALE",
            "description": "",
            "price": {
              "full": "0,45",
              "discount": "-35%",
              "discounted": "0,29",
              "priceDecimalSeparator": ",",
              "discountDecimalSeparator": ","
            },
            "subName": "1,5 l - € 0,19/litro",
            "productImage": "assets/7-496.png?w=98&h=300&ar=0.32666666666666666",
            "available": false,
            "highlights": [],
            "unitType": "a bottiglia",
            "categoryId": 14939,
            "position": 198,
            "id": "65aaa7c7-9dc8-442f-844d-0ecdac1f5aa6"
          },
          {
            "brandText": "TANDIL",
            "name": "CARTA DA FORNO IN ROTOLO",
            "description": "",
            "price": {
              "full": "3,19",
              "discount": "-37%",
              "discounted": "1,99",
              "priceDecimalSeparator": ",",
              "discountDecimalSeparator": ","
            },
            "subName": "30 m",
            "productImage": "assets/8-454.png?w=300&h=45&ar=6.666666666666667",
            "available": false,
            "highlights": [],
            "unitType": "al pezzo",
            "categoryId": 15114,
            "position": 199,
            "id": "65aaa7c8-4414-450a-a1e6-2995ac1f3abc"
          },
          {
            "brandText": "FERREX",
            "name": "TORCIA A BATTERIA, 20 V",
            "description": "• indicata esclusivamente per gli ambienti interni<br/>• luce orientabile<br/>• dimmerabile in continuo",
            "price": {
              "full": "19,99",
              "discount": "-25%",
              "discounted": "14,99",
              "priceDecimalSeparator": ",",
              "discountDecimalSeparator": ","
            },
            "subName": "GARANZIA 3 ANNI",
            "productImage": "assets/9-408.png?w=175&h=300&ar=0.5833333333333334",
            "specs": [
              {
                "src": "assets/gar.png?w=100&h=55&ar=1.8181818181818181",
                "size": "large"
              }
            ],
            "available": false,
            "highlights": [],
            "unitType": "al pezzo",
            "modifier": "wide",
            "hideBottomLine": false,
            "timing": {
              "create": "15/1/2024, 12:38:21",
              "update": "15/1/2024, 12:38:21"
            },
            "categoryId": 13077,
            "position": 200,
            "id": "65aaa7c8-1a7c-4491-9bf7-24e3ac1f3abc"
          },
          {
            "brandText": "WORKZONE",
            "name": "SET DI CONTENITORI PER STOCCAGGIO",
            "description": "• 17 pezzi<br/>• 14 contenitori in 3 diversi formati e 3 guide per il montaggio a parete",
            "price": {
              "full": "14,99",
              "discount": "-33%",
              "discounted": "9,99",
              "priceDecimalSeparator": ",",
              "discountDecimalSeparator": ","
            },
            "productImage": "assets/10-390.png?w=300&h=236&ar=1.271186440677966",
            "specs": [
              {
                "src": "assets/1-1187.png?w=142&h=90&ar=1.5777777777777777",
                "size": "large"
              }
            ],
            "available": false,
            "highlights": [],
            "unitType": "al set",
            "categoryId": 15294,
            "position": 201,
            "id": "65aaa7c8-4d40-42bc-834e-27abac1f3abc"
          },
          {
            "brandText": "MY LIVING STYLE",
            "name": "TAPPETO",
            "description": "• adatto ad ambienti interni ed esterni<br/>• dimensioni 100 x 150 cm",
            "price": {
              "full": "15,99",
              "discount": "-37%",
              "discounted": "9,99",
              "priceDecimalSeparator": ",",
              "discountDecimalSeparator": ","
            },
            "productImage": "assets/11-341.png?w=296&h=300&ar=0.9866666666666667",
            "available": false,
            "highlights": [],
            "unitType": "al pezzo",
            "categoryId": 13668,
            "position": 202,
            "id": "65aaa7c9-8598-43c8-b61d-27abac1f3abc"
          }
        ],
        "id": "offerte_del_weekend_1705317510181"
      }
    ],
    "stores": [],
    "frequentSearches": [],
    "fontSize": [],
    "fontInfo": [],
    "retailer": {
      "centerPriceVertically": false,
      "name": "Aldi",
      "logo": "assets/170403-aldi-australia-brand-logo-landscape.png?w=510&h=204&ar=2.5",
      "cssVars": [],
      "ctas": [
        {
          "label": "Condividi",
          "icon": "assets/share.svg",
          "alternate": false,
          "validity": {
            "web": true,
            "mobile": true
          },
          "action": {
            "type": "share",
            "url": "",
            "text": "Condividi",
            "title": "Condividi"
          }
        },
        {
          "label": "Aggiungi a lista",
          "icon": "assets/shoppinglist_white.svg",
          "alternate": true,
          "validity": {
            "web": false,
            "mobile": true
          },
          "action": {
            "type": "shoppinglist",
            "url": "",
            "text": "+ Lista risparmio",
            "title": "+ Lista risparmio"
          }
        }
      ]
    },
    "badges": [
      {
        "name": "flag_ita",
        "src": "assets/flag.png?w=101&h=92&ar=1.0978260869565217",
        "width": "",
        "flyoutWidth": "",
        "transformOrigin": "",
        "flyoutTransformOrigin": "",
        "translateX": "",
        "flyoutTranslateX": "",
        "translateY": "",
        "flyoutTranslateY": ""
      },
      {
        "name": "Tempo_Limitato",
        "src": "assets/badgetempolimitato.png?w=245&h=100&ar=2.45",
        "width": "",
        "flyoutWidth": "",
        "transformOrigin": "",
        "flyoutTransformOrigin": "",
        "translateX": "",
        "flyoutTranslateX": "",
        "translateY": "",
        "flyoutTranslateY": ""
      },
      {
        "name": "Tempo_Limitato_Flagita",
        "src": "assets/tempolimitato_flagita.png?w=152&h=150&ar=1.0133333333333334",
        "width": "",
        "flyoutWidth": "",
        "transformOrigin": "",
        "flyoutTransformOrigin": "",
        "translateX": "",
        "flyoutTranslateX": "",
        "translateY": "",
        "flyoutTranslateY": ""
      },
      {
        "name": "Assortimento_flagita",
        "src": "assets/assortimento_flagita.png?w=129&h=177&ar=0.7288135593220338",
        "width": "",
        "flyoutWidth": "",
        "transformOrigin": "",
        "flyoutTransformOrigin": "",
        "translateX": "",
        "flyoutTranslateX": "",
        "translateY": "",
        "flyoutTranslateY": ""
      },
      {
        "name": "dal nostro assortimento",
        "src": "assets/1-4236.png?w=282&h=35&ar=8.057142857142857",
        "width": "",
        "flyoutWidth": "",
        "transformOrigin": "",
        "flyoutTransformOrigin": "",
        "translateX": "",
        "flyoutTranslateX": "",
        "translateY": "",
        "flyoutTranslateY": ""
      }
    ],
    "retailerId": 3628,
    "template": "648a02ae86ae15f16d7c9a5b",
    "templates": [
      {
        "_id": "648a02ae86ae15f16d7c9a5b",
        "name": "aldi tpl 1 giallo new full",
        "timing": {
          "create": "14/6/2023, 18:10:54",
          "update": "15/6/2023, 09:50:00"
        },
        "saved": true,
        "badges": [
          {
            "name": "sotto_costo",
            "src": "assets/sotto_costo.png?w=96&h=83&ar=1.1566265060240963",
            "width": "45px",
            "translateX": "45px",
            "translateY": "-45px",
            "transformOrigin": "bottom left",
            "flyoutWidth": "",
            "flyoutTranslateX": "",
            "flyoutTranslateY": "",
            "flyoutTransformOrigin": "bottom left",
            "timing": {
              "create": "6/3/2023, 16:35:32",
              "update": "18/9/2023, 09:30:59"
            }
          },
          {
            "name": "CARD_MERCATO",
            "src": "assets/card_mercato.png?w=300&h=218&ar=1.3761467889908257",
            "width": "50px",
            "flyoutWidth": "",
            "translateX": "40px",
            "translateY": "-40px",
            "flyoutTranslateX": "",
            "flyoutTranslateY": "",
            "transformOrigin": "bottom left",
            "flyoutTransformOrigin": "bottom left",
            "timing": {
              "create": "7/3/2023, 15:24:16",
              "update": "18/9/2023, 09:31:09"
            }
          },
          {
            "name": "assortimento",
            "src": "assets/assortimentoperprodottiwide.png?w=285&h=43&ar=6.627906976744186",
            "width": "100px",
            "translateX": "0",
            "translateY": "-7.4px",
            "transformOrigin": "bottom left",
            "flyoutWidth": "100px",
            "flyoutTranslateX": "0px",
            "flyoutTranslateY": "-10px",
            "flyoutTransformOrigin": "bottom left",
            "timing": {
              "create": "28/3/2023, 11:48:37",
              "update": "3/10/2023, 14:54:52"
            }
          },
          {
            "name": "flag_ita",
            "src": "assets/flag.png?w=101&h=92&ar=1.0978260869565217",
            "width": "30px",
            "translateX": "70px",
            "translateY": "69px",
            "transformOrigin": "bottom left",
            "flyoutWidth": "",
            "flyoutTranslateX": "",
            "flyoutTranslateY": "",
            "flyoutTransformOrigin": "bottom left",
            "timing": {
              "create": "28/3/2023, 16:45:21",
              "update": "18/9/2023, 09:31:29"
            }
          },
          {
            "name": "FLAG_ITA_ARROW",
            "src": "assets/flag_ooooook.png?w=101&h=92&ar=1.0978260869565217",
            "transformOrigin": "bottom left",
            "flyoutTransformOrigin": "bottom left",
            "timing": {
              "create": "30/3/2023, 18:17:03",
              "update": "18/9/2023, 09:31:53"
            },
            "width": "25px",
            "translateX": "6px",
            "translateY": "-5px",
            "flyoutWidth": "",
            "flyoutTranslateX": "",
            "flyoutTranslateY": ""
          },
          {
            "name": "FLAG_ITA_ARROW_MEDIUM",
            "src": "assets/flag_ooooook.png?w=101&h=92&ar=1.0978260869565217",
            "width": "30px",
            "translateX": "70px",
            "translateY": "33px",
            "transformOrigin": "bottom left",
            "flyoutTransformOrigin": "center right",
            "timing": {
              "create": "15/6/2023, 17:07:55",
              "update": "18/9/2023, 09:32:08"
            },
            "flyoutWidth": "",
            "flyoutTranslateX": "",
            "flyoutTranslateY": ""
          },
          {
            "name": "prodotto_stagionale",
            "src": "assets/prodotto_stagionale.jpg?w=280&h=50&ar=5.6",
            "width": "100px",
            "translateX": "0px",
            "translateY": "-15px",
            "transformOrigin": "bottom left",
            "flyoutWidth": "",
            "flyoutTranslateX": "",
            "flyoutTranslateY": "",
            "flyoutTransformOrigin": "bottom left",
            "timing": {
              "create": "20/6/2023, 10:04:20",
              "update": "18/9/2023, 09:32:15"
            }
          },
          {
            "name": "DAL_NOSTRO_ASSORTIMENTO_FLAG_ITA",
            "src": "assets/ban%20e%20dal%20nostro%20assortimento1r2kkkkkk1.png?w=392&h=295&ar=1.3288135593220338",
            "width": "139px",
            "translateX": "-21px",
            "translateY": "-12px",
            "transformOrigin": "bottom left",
            "flyoutWidth": "",
            "flyoutTranslateX": "",
            "flyoutTranslateY": "",
            "flyoutTransformOrigin": "bottom left",
            "timing": {
              "create": "10/7/2023, 11:55:24",
              "update": "18/9/2023, 09:32:32"
            }
          },
          {
            "name": "ita_flag",
            "src": "assets/flag.png?w=101&h=92&ar=1.0978260869565217",
            "width": "30px",
            "translateX": "70px",
            "translateY": "69px",
            "transformOrigin": "bottom left",
            "flyoutWidth": "",
            "flyoutTranslateX": "",
            "flyoutTranslateY": "",
            "flyoutTransformOrigin": "bottom left",
            "timing": {
              "create": "8/8/2023, 15:54:08",
              "update": "18/9/2023, 09:32:43"
            }
          },
          {
            "name": "dal nostro assortimento",
            "src": "assets/assortimento.png?w=285&h=43&ar=6.627906976744186",
            "width": "100px",
            "translateX": "0px",
            "translateY": "-13px",
            "transformOrigin": "bottom left",
            "flyoutWidth": "",
            "flyoutTranslateX": "",
            "flyoutTranslateY": "",
            "flyoutTransformOrigin": "bottom left",
            "timing": {
              "create": "8/8/2023, 15:56:09",
              "update": "18/9/2023, 09:32:53"
            }
          },
          {
            "name": "SOTTOCOSTO",
            "src": "assets/sottocostoAldikw36.png?w=150&h=32&ar=4.6875",
            "width": "100px",
            "height": "-30px",
            "translateY": "48px",
            "translateX": "0px",
            "transformOrigin": "center left",
            "flyoutTransformOrigin": "bottom left",
            "flyoutWidth": "",
            "flyoutHeight": "",
            "flyoutTranslateY": "",
            "flyoutTranslateX": "",
            "timing": {
              "create": "24/8/2023, 11:27:30",
              "update": "18/9/2023, 09:33:03"
            }
          },
          {
            "name": "SOTTOCOSTO_UNIT",
            "src": "assets/scostoAldikw36.png?w=150&h=32&ar=4.6875",
            "transformOrigin": "center left",
            "flyoutTransformOrigin": "bottom left",
            "flyoutTranslateY": "",
            "flyoutTranslateX": "",
            "flyoutWidth": "",
            "flyoutHeight": "",
            "width": "100px",
            "translateX": "0px",
            "translateY": "88px",
            "height": "-30px",
            "timing": {
              "create": "24/8/2023, 11:30:05",
              "update": "18/9/2023, 09:33:17"
            }
          },
          {
            "name": "Assortimento_flagita",
            "src": "assets/FLAGITA_S_ASSORTIMENTO.png?w=168&h=128&ar=1.3125",
            "transformOrigin": "bottom left",
            "flyoutTransformOrigin": "bottom left",
            "flyoutWidth": "100px",
            "width": "100px",
            "translateX": "",
            "translateY": "-15px",
            "flyoutTranslateX": "",
            "flyoutTranslateY": "-15px",
            "timing": {
              "create": "25/9/2023, 10:13:05",
              "update": "25/9/2023, 10:20:35"
            }
          },
          {
            "name": "prodotto stagionale",
            "src": "assets/prodotto_stagionale.jpg?w=280&h=50&ar=5.6",
            "width": "100px",
            "translateX": "0px",
            "translateY": "-15px",
            "transformOrigin": "bottom left",
            "flyoutTransformOrigin": "bottom left",
            "timing": {
              "create": "25/10/2023, 17:43:52",
              "update": "25/10/2023, 17:44:38"
            }
          },
          {
            "name": "24_NOVEMBRE",
            "src": "assets/aldinovembre24disponibileviole.jpg?w=449&h=100&ar=4.49",
            "width": "100px",
            "transformOrigin": "bottom left",
            "flyoutWidth": "100px",
            "flyoutTransformOrigin": "bottom right",
            "timing": {
              "create": "20/11/2023, 18:30:46",
              "update": "20/11/2023, 19:10:14"
            },
            "top": "-22px",
            "left": "",
            "translateX": "-0px",
            "flyoutTop": "-22px",
            "flyoutLeft": "21px",
            "flyoutTranslateX": "-21px",
            "flyoutTranslateY": "0px"
          },
          {
            "name": "Tempo_Limitato_Flagita",
            "src": "assets/Flagita_tempolimit_badge.png?w=152&h=150&ar=1.0133333333333334",
            "width": "134px",
            "translateX": "-21px",
            "translateY": "-37px",
            "transformOrigin": "bottom left",
            "flyoutTransformOrigin": "bottom left",
            "timing": {
              "create": "10/1/2024, 10:57:34",
              "update": "15/1/2024, 14:27:48"
            },
            "flyoutTranslateY": "-37px",
            "flyoutWidth": "134px"
          },
          {
            "name": "Tempo_Limitato",
            "src": "assets/atempolimitato_Badge_New.png?w=152&h=57&ar=2.6666666666666665",
            "width": "133px",
            "translateX": "-21px",
            "translateY": "-37px",
            "transformOrigin": "bottom left",
            "flyoutTransformOrigin": "bottom left",
            "timing": {
              "create": "10/1/2024, 10:58:47",
              "update": "15/1/2024, 14:27:21"
            },
            "flyoutWidth": "134px"
          },
          {
            "name": "EXTRAFORMATI_FLAGITA",
            "src": "assets/extraformati_flagita4.png?w=152&h=150&ar=1.0133333333333334",
            "width": "134px",
            "top": "",
            "left": "",
            "transformOrigin": "bottom left",
            "flyoutWidth": "134px",
            "translateX": "-18px",
            "translateY": "-40px",
            "flyoutTranslateY": "-37px",
            "timing": {
              "create": "1/2/2024, 18:32:20",
              "update": "5/2/2024, 18:14:28"
            },
            "flyoutTransformOrigin": "bottom left"
          },
          {
            "name": "EXTRAFORMATI",
            "src": "assets/badgeextraformati_new5.png?w=236&h=79&ar=2.9873417721518987",
            "width": "100px",
            "transformOrigin": "bottom left",
            "translateY": "-30px",
            "translateX": "",
            "flyoutWidth": "",
            "flyoutTransformOrigin": "bottom left",
            "timing": {
              "create": "1/2/2024, 18:33:18",
              "update": "5/2/2024, 18:11:48"
            }
          },
          {
            "name": "Gratis4piu2",
            "src": "assets/Gratis4piu2_new.png?w=300&h=118&ar=2.542372881355932",
            "width": "100px",
            "flyoutWidth": "134px",
            "transformOrigin": "bottom left",
            "flyoutTransformOrigin": "bottom left",
            "timing": {
              "create": "2/2/2024, 12:01:03",
              "update": "5/2/2024, 18:49:45"
            },
            "translateX": "",
            "translateY": "-38px",
            "flyoutTranslateY": "-37px"
          },
          {
            "name": "FLAG_ITA_SMALL",
            "src": "assets/flagitasmallblocco.png?w=101&h=92&ar=1.0978260869565217",
            "width": "30px",
            "translateX": "70px",
            "translateY": "46px",
            "transformOrigin": "bottom left",
            "flyoutTransformOrigin": "bottom left",
            "timing": {
              "create": "9/2/2024, 10:43:04",
              "update": "9/2/2024, 10:45:15"
            }
          }
        ],
        "basePath": "https://dg5ko83jkkp0n.cloudfront.net/public/it-prod/template/648a02ae86ae15f16d7c9a5b/",
        "cssVars": {
          "bodyBackgroundColor": "rgba(255, 255, 255, 1)",
          "sectionBackgroundColor": "rgba(255, 255, 255, 1)",
          "sectionHeadingBackgroundColor": "rgba(225, 15, 33, 1)",
          "sectionHeadingTextColor": "rgba(255, 255, 255, 1)",
          "headerBackgroundColor": "rgba(21, 35, 87, 1)",
          "headerTextColor": "rgba(255, 255, 255, 1)",
          "pillBackgroundColor": "rgba(255, 255, 255, 1)",
          "pillTextColor": "rgba(21, 35, 87, 1)",
          "activePillBackgroundColor": "rgba(225, 15, 33, 1)",
          "activePillTextColor": "rgba(255, 255, 255, 1)",
          "dotColor": "rgba(255, 255, 255, 1)",
          "activeDotColor": "rgba(255, 255, 255, 1)",
          "discountedPriceColor": "rgba(0, 0, 0, 1)",
          "discountedPriceStrokeWidth": "0",
          "discountedPriceStrokeColor": "rgba(255, 255, 255, 0)",
          "discountedPriceShadowColor": "rgba(255, 255, 255, 0)",
          "priceTagTopBorderColor": "rgba(254, 240, 53, 1)",
          "priceTagTopTextColor": "rgba(0, 0, 0, 1)",
          "priceTagTopBackgroundColor": "rgba(254, 240, 53, 1)",
          "priceTagBackgroundColor": "rgba(254, 240, 53, 1)",
          "discountPriceTextColor": "",
          "discountPriceBackgroundColor": "",
          "phoneTextColor": "rgba(255, 255, 255, 1)",
          "searchInputBackgroundColor": "",
          "searchInputTextColor": "rgba(0, 0, 0, 1)",
          "searchInputCaretColor": "rgba(0, 0, 0, 1)",
          "colophonBackgroundColor": "rgba(4, 34, 93, 1)",
          "colophonTextColor": "rgba(255, 255, 255, 1)",
          "productTextColor": "rgba(0, 0, 0, 1)",
          "productSubTextColor": "rgba(0, 0, 0, 1)",
          "productBackgroundColor": "#ffffff",
          "productBackgroundAlternativeColor": "#f0f0f0",
          "productBackgroundWideColor": "rgba(240, 240, 240, 1)",
          "navShadowBackgroundColor": "rgba(21, 35, 87, 1)",
          "flyoutProductNameTextColor": "rgba(0, 0, 0, 1)",
          "flyoutProductSubNameTextColor": "rgba(0, 0, 0, 1)",
          "highlightBackgroundColor": "rgba(225, 15, 33, 1)",
          "highlightTextColor": "#FFFFFF",
          "collapsibleBlockBackgroundColor": "",
          "collapsibleBlockTextColor": "",
          "flyoutHandlerColor": "",
          "flyoutCloseBackgroundColor": "",
          "flyoutCloseIconColor": "rgba(50, 50, 50, 1)",
          "flyoutBackgroundColor": "#ffffff",
          "pairedProductBackgroundColor": "#D8D5C5",
          "availabilityTextColor": "rgba(225, 15, 33, 1)",
          "retailerLocationTextColor": "rgba(74, 74, 74, 1)",
          "flyoutShadowColor": "#999999",
          "ctaBackgroundColor": "#DBD8D8",
          "ctaTextColor": "rgba(74, 74, 74, 1)",
          "alternateCtaBackgroundColor": "rgba(225, 15, 33, 1)",
          "alternateCtaTextColor": "rgba(255, 255, 255, 1)",
          "pageSectionTitleTextColor": "rgba(255, 255, 255, 1)",
          "pageSectionBackIconColor": "#FFF",
          "pageSectionSearchIconColor": "#FFF",
          "storeAddressTextColor": "rgba(255, 255, 255, 1)",
          "storeCityTextColor": "rgba(255, 255, 255, 1)",
          "storeDistanceTextColor": "rgba(255, 255, 255, 1)",
          "storeDetailAddressTextColor": "rgba(255, 255, 255, 1)",
          "storeDetailTitleTextColor": "rgba(255, 255, 255, 1)",
          "storeOpenBadgeTextColor": "rgba(255, 255, 255, 1)",
          "storeOpenBadgeBackgroundColor": "rgba(225, 15, 33, 1)",
          "storeOpenBadgeActiveTextColor": "rgba(255, 255, 255, 1)",
          "storeOpenBadgeActiveBackgroundColor": "rgba(65, 117, 5, 1)",
          "storeDayColor": "rgba(255, 255, 255, 1)",
          "storeOpeningHoursColor": "rgba(255, 255, 255, 1)",
          "storeDetailSeparatedLineColor": "rgba(255, 255, 255, 1)",
          "timing": {
            "create": "22/9/2022, 12:38:50",
            "update": "14/6/2023, 18:21:22"
          }
        },
        "fontInfoCssVars": {
          "pairedProductTextFontSize": "",
          "pairedProductTextFontWeight": "",
          "pairedProductTextFontFamily": "ALDISUEDOT",
          "pairedProductTextLineHeight": "",
          "pairedProductTextLetterSpacing": "",
          "pairedProductTextTextTransform": "",
          "storeItemFontSize": "",
          "storeItemFontWeight": "",
          "storeItemFontFamily": "ALDISUEDOT",
          "storeItemLineHeight": "",
          "storeItemLetterSpacing": "",
          "storeItemTextTransform": "",
          "searchSectionTitleFontSize": "",
          "searchSectionTitleFontWeight": "",
          "searchSectionTitleFontFamily": "ALDISUEDOT",
          "searchSectionTitleLineHeight": "",
          "searchSectionTitleLetterSpacing": "",
          "searchSectionTitleTextTransform": "",
          "suggestionItemFontSize": "",
          "suggestionItemFontWeight": "",
          "suggestionItemFontFamily": "ALDISUEDOT",
          "suggestionItemLineHeight": "",
          "suggestionItemLetterSpacing": "",
          "suggestionTextTransform": "",
          "searchInputFontSize": "",
          "searchInputFontWeight": "",
          "searchInputFontFamily": "ALDISUEDOT",
          "searchInputLineHeight": "",
          "searchInputLetterSpacing": "",
          "searchInputTextTransform": "",
          "searchClearFontSize": "",
          "searchClearFontWeight": "",
          "searchClearFontFamily": "ALDISUEDOT",
          "searchClearLineHeight": "",
          "searchClearLetterSpacing": "",
          "searchClearTextTransform": "",
          "searchDataFontSize": "",
          "searchDataFontWeight": "",
          "searchDataFontFamily": "ALDISUEDOT",
          "searchDataLineHeight": "",
          "searchDataLetterSpacing": "",
          "searchDataTextTransform": "",
          "retailerLocationFontSize": "",
          "retailerLocationFontWeight": "",
          "retailerLocationFontFamily": "ALDISUEDOT",
          "retailerLocationLineHeight": "",
          "retailerLocationLetterSpacing": "",
          "retailerLocationTextTransform": "",
          "pillFontSize": "13px",
          "pillFontWeight": "700",
          "pillFontFamily": "ALDISUEDOT",
          "pillLineHeight": "",
          "pillLetterSpacing": "0.5px",
          "pillTextTransform": "uppercase",
          "searchItemFontSize": "",
          "searchItemFontWeight": "",
          "searchItemFontFamily": "ALDISUEDOT",
          "searchItemLineHeight": "",
          "searchItemLetterSpacing": "",
          "searchItemTextTransform": "",
          "flyoutProductNameFontSize": "22px",
          "flyoutProductNameFontWeight": "700",
          "flyoutProductNameFontFamily": "ALDISUEDOT",
          "flyoutProductNameLineHeight": "18px",
          "flyoutProductNameLetterSpacing": "0.2px",
          "flyoutProductNameReducedFontSize": "",
          "flyoutProductNameReducedFontWeight": "700",
          "flyoutProductNameReducedFontFamily": "ALDISUEDOT",
          "flyoutProductNameReducedLineHeight": "",
          "flyoutProductNameReducedLetterSpacing": "",
          "flyoutProductNameReducedTextTransform": "uppercase",
          "flyoutProductSubNameFontSize": "",
          "flyoutProductSubNameFontWeight": "300",
          "flyoutProductSubNameFontFamily": "ALDISUEDOT",
          "flyoutProductSubNameLineHeight": "",
          "flyoutProductSubNameLetterSpacing": "",
          "flyoutProductSubNameReducedFontSize": "",
          "flyoutProductSubNameReducedFontWeight": "300",
          "flyoutProductSubNameReducedFontFamily": "ALDISUEDOT",
          "flyoutProductSubNameReducedLineHeight": "",
          "flyoutProductSubNameReducedLetterSpacing": "",
          "flyoutProductSubNameReducedTextTransform": "",
          "flyoutProductDescriptionFontSize": "16px",
          "flyoutProductDescriptionFontWeight": "300",
          "flyoutProductDescriptionFontFamily": "ALDISUEDOT",
          "flyoutProductDescriptionLineHeight": "",
          "flyoutProductDescriptionLetterSpacing": "",
          "flyoutProductDescriptionTextTransform": "",
          "highlightsSmallFontSize": "",
          "highlightsSmallFontWeight": "",
          "highlightsSmallFontFamily": "",
          "highlightsSmallLineHeight": "",
          "highlightsSmallLetterSpacing": "",
          "highlightsSmallTextTransform": "",
          "highlightsFontSize": "",
          "highlightsFontWeight": "",
          "highlightsFontFamily": "ALDISUEDOT",
          "highlightsLineHeight": "",
          "highlightsLetterSpacing": "",
          "highlightsTextTransform": "",
          "collapsibleBlockHandlerFontSize": "",
          "collapsibleBlockHandlerFontWeight": "",
          "collapsibleBlockHandlerFontFamily": "ALDISUEDOT",
          "collapsibleBlockHandlerLineHeight": "",
          "collapsibleBlockHandlerLetterSpacing": "",
          "collapsibleBlockHandlerTextTransform": "",
          "ctaFontSize": "",
          "ctaFontWeight": "",
          "ctaFontFamily": "ALDISUEDOT",
          "ctaLineHeight": "",
          "ctaLetterSpacing": "",
          "ctaTextTransform": "",
          "discountFontSize": "14px",
          "discountFontWeight": "",
          "discountFontFamily": "ALDISUEDOT",
          "discountLineHeight": "",
          "discountLetterSpacing": "",
          "discountTextTransform": "",
          "discountSmallFontSize": "12px",
          "discountSmallFontWeight": "700",
          "discountSmallFontFamily": "ALDISUEDOT",
          "discountSmallLineHeight": "",
          "discountSmallLetterSpacing": "",
          "discountSmallTextTransform": "",
          "fullFontSize": "11.5px",
          "fullFontWeight": "700",
          "fullFontFamily": "ALDISUEDOT",
          "fullLineHeight": "",
          "fullLetterSpacing": "",
          "fullTextTransform": "",
          "discountedSvgFontSize": "",
          "discountedSvgFontWeight": "",
          "discountedSvgFontFamily": "",
          "discountedSvgLineHeight": "",
          "discountedSvgLetterSpacing": "",
          "discountedSvgTextTransform": "",
          "availabilityFontSize": "",
          "availabilityFontWeight": "",
          "availabilityFontFamily": "ALDISUEDOT",
          "availabilityLineHeight": "",
          "availabilityLetterSpacing": "",
          "availabilityTextTransform": "",
          "blockFontSize": "",
          "blockFontWeight": "",
          "blockFontFamily": "ALDISUEDOT",
          "blockLineHeight": "",
          "blockLetterSpacing": "",
          "blockTextTransform": "",
          "colophonFontSize": "14px",
          "colophonFontWeight": "300",
          "colophonFontFamily": "ALDISUEDOT",
          "colophonLineHeight": "18px",
          "colophonLetterSpacing": "",
          "colophonTextTransform": "",
          "sectionHeaderFontSize": "20px",
          "sectionHeaderFontWeight": "700",
          "sectionHeaderFontFamily": "ALDISUEDOT",
          "sectionHeaderLineHeight": "80px",
          "sectionHeaderLetterSpacing": "0.5px",
          "sectionHeaderTextTransform": "uppercase",
          "productCellSingleNameFontSize": "13px",
          "productCellSingleNameFontWeight": "700",
          "productCellSingleNameFontFamily": "ALDISUEDOT",
          "productCellSingleNameLineHeight": "12px",
          "productCellSingleNameLetterSpacing": "0px",
          "productCellSingleNameTextTransform": "uppercase",
          "productCellWideNameFontSize": "15px",
          "productCellWideNameFontWeight": "700",
          "productCellWideNameFontFamily": "ALDISUEDOT",
          "productCellWideNameLineHeight": "15px",
          "productCellWideNameLetterSpacing": "0px",
          "productCellWideNameTextTransform": "uppercase",
          "productCellSingleSubNameFontSize": "12px",
          "productCellSingleSubNameFontWeight": "300",
          "productCellSingleSubNameFontFamily": "ALDISUEDOT",
          "productCellSingleSubNameLineHeight": "12px",
          "productCellSingleSubNameLetterSpacing": "",
          "productCellSingleSubNameTextTransform": "initial",
          "productCellWideSubNameFontSize": "12px",
          "productCellWideSubNameFontWeight": "300",
          "productCellWideSubNameFontFamily": "ALDISUEDOT",
          "productCellWideSubNameLineHeight": "12px",
          "productCellWideSubNameLetterSpacing": "",
          "productCellWideSubNameTextTransform": "initial",
          "priceTagDiscountedFontSize": "38px",
          "priceTagDiscountedFontWeight": "700",
          "priceTagDiscountedFontFamily": "ALDISUEDOT",
          "priceTagDiscountedLineHeight": "",
          "priceTagDiscountedLetterSpacing": "-0.3px",
          "priceTagDiscountedTextTransform": "",
          "timing": {
            "create": "22/9/2022, 12:59:55",
            "update": "5/7/2023, 12:14:41"
          },
          "highlightsSmallFontFami": "ALDISUEDOT",
          "highlightsSmallFontWeig": "",
          "flyoutProductNameTextTransform": "uppercase"
        },
        "fonts": {
          "source": "webfont.css",
          "families": [
            {
              "name": "ALDISUEDOT",
              "source": "fonts/ALDISUEDOT_Regular.woff"
            },
            {
              "name": "ALDISUEDOT",
              "source": "fonts/ALDISUEDOT_Regular.woff2"
            },
            {
              "name": "ALDISUEDOT_Bold",
              "source": "fonts/ALDISUEDOT_Bold.woff"
            },
            {
              "name": "ALDISUEDOT_Bold",
              "source": "fonts/ALDISUEDOT_Bold.woff2"
            },
            {
              "name": "ALDISUEDOT_Black",
              "source": "fonts/ALDISUEDOT_Black.woff"
            },
            {
              "name": "ALDISUEDOT_Black",
              "source": "fonts/ALDISUEDOT_Black.woff2"
            }
          ],
          "timing": {
            "create": "22/9/2022, 12:59:40",
            "update": "23/3/2023, 15:54:20"
          }
        },
        "priceInfo": {
          "priceTagWidth": 100,
          "priceTagHeight": null,
          "centerPriceVertically": true,
          "priceDecimalSeparator": ".",
          "discountDecimalSeparator": ".",
          "priceTrasform": "scaleX(1) translateX(-40%) translateY(-50%)",
          "timing": {
            "create": "22/9/2022, 12:56:29",
            "update": "5/2/2024, 18:15:35"
          }
        },
        "productInfo": {
          "iconPlusActive": true,
          "iconPlusWidth": "50px",
          "iconPlusHeight": "50px",
          "iconPlusLevel": 2,
          "iconPlusImage": "assets/plus-white.png?w=550&h=550&ar=1",
          "iconPlusPositionX": "50%",
          "iconPlusPositionY": "50%",
          "iconPlusAnimationDuration": "0.7s",
          "iconPlusBlinkTimes": 3,
          "iconPlusOpacity": "90%",
          "singleCellHeight": "300",
          "wideCellHeight": "",
          "formatPrice": "type12",
          "bottomSheetSingleMode": false,
          "timing": {
            "create": "22/9/2022, 12:55:33",
            "update": "12/12/2023, 18:57:52"
          }
        },
        "retailerInfo": {
          "logo": "assets/170403-aldi-australia-brand-logo-landscape.png?w=510&h=204&ar=2.5",
          "icon": "",
          "favicon": "",
          "performanceCheckLimit": 300,
          "timing": {
            "create": "14/6/2023, 18:10:54",
            "update": "14/6/2023, 18:10:54"
          }
        },
        "retailerId": 3628
      }
    ],
    "templatesComponents": [],
    "basePath": "https://dg5ko83jkkp0n.cloudfront.net/public/it-prod/3628/65a51473e4dce6118d051d76/",
    "saved": true,
    "numRetrys": 0,
    "active": true,
    "jobExecution": {
      "autoTagged": true
    },
    "status": "processed",
    "id": 1116657,
    "state": "PROCESSED"
  },
  "result": "ok"
}